% Encoding: UTF-8

@Article{CaliiskanTabuada2014,
  author =  {Sina Y. Caliskan and Paulo Tabuada},
  title =   {Compositional transinent stability analysis of multi-machine power networks},
  journal = {IEEE Transactions on Control of Network Systems},
  year =    {2014}
}

@InBook{nonlinearSystemsSastry,
  chapter =   {5},
  pages =     {195},
  title =     {Nonlinear Systems Analysis, Stability, and Control},
  publisher = {Springer},
  year =      {1999},
  author =    {Shankar Sastry},
  editor =    {J.E. Marsden and L. Sirovich and S. Wiggins}
}

@Unpublished{SchovanecGilliam1999,
  author = {L. Schovanec and D. Gilliam},
  title =  {ODE and PDE lecture notes 1999, Theorem 4.2.7 Chapter 4},
  note =   {The department to Mathematics and Statistics at Texas Tech University.}
}

@Article{VincentBayuLaurent2016,
  author =  {Vincent Andrieu and Bayu Jayawardhanay and Laurent Pralyz},
  title =   {Transverse exponential stability and applications},
  journal = {math.DS},
  year =    {2016},
  month =   {January}
}
