% Encoding: UTF-8

@MastersThesis{Brown2015,
  author = {Eitan Brown},
  title =  {A study of the use of synchronverters for grid stabilization using simulations in SimPower},
  school = {Department of Electrical and Electronic Engineering, Tel Aviv university},
  year =   {2015}
}

@Article{CaliiskanTabuada2014,
  author =  {Sina Y. Caliskan and Paulo Tabuada},
  title =   {Compositional transinent stability analysis of multi-machine power networks},
  journal = {IEEE Transactions on Control of Network Systems},
  year =    {2014}
}

@Article{DorflerAndBullo2012,
  author =  {Florian Dorfler and Francesco Bullo},
  title =   {Synchronization and Transient Stability in Power Networks and Nonuniform Kuramoto Oscillators Read More: http://epubs.siam.org/doi/abs/10.1137/110851584},
  journal = {SIAM Journal on Control and Optimization},
  year =    {2012},
  pages =   {1616-1642}
}

@Book{graingerStevenson1994,
  title =     {Power System Analysis},
  publisher = {New York : McGraw-Hill},
  year =      {1994},
  author =    {J. J. Grainger and W. D. Stevenson}
}

@InBook{KhalilSingularPertubations,
  chapter =   {Chapter 11},
  pages =     {423-468},
  title =     {Nonlinear Systems (3rd Edition)},
  publisher = {Pearson},
  year =      {2002},
  author =    {Hassan K. Khalil}
}

@Book{kundur1994,
  title =     {Power system stability and control},
  publisher = {New York : McGraw-Hill},
  year =      {1994},
  author =    {P Kundur and Neal J Balu and Mark G Lauby}
}

@Article{monshizadehDePersisMonshizadehVanderSchaft2016,
  author = {Pooya Monshizadeh and Claudio De Persis and Nima Monshizadeh and Arjan van der Schaft},
  title =  {Nonlinear Analysis of an Improved Swing Equation},
  year =   {2016}
}

@Article{NatarajanWeiss2015,
  author = {Vivek Natarajan and George Weiss},
  title =  {Almost global asymptotic stability of a grid-connected synchronous generator},
  year =   {2015}
}

@InBook{nonlinearSystemsSastry,
  chapter =   {5},
  pages =     {195},
  title =     {Nonlinear Systems Analysis, Stability, and Control},
  publisher = {Springer},
  year =      {1999},
  author =    {Shankar Sastry},
  editor =    {J.E. Marsden and L. Sirovich and S. Wiggins}
}

@Article{PorcoDorflerBullo2013,
  author =  {John W. Simpson-Porco and Florian Dorfler and Francesco Bullo},
  title =   {Synchronization andPower Sharing for Droop-Controlled Inverters in Islanded Microgrids},
  journal = {Automatica},
  year =    {2013},
  volume =  {49},
  pages =   {2603-2611}
}

@Book{sauerPai1998,
  title =     {Power System Dynamics and Stability},
  publisher = {Prentice Hall, upper saddle river New Jersey},
  year =      {1998},
  author =    {Sauer, Peter W and Pai, M. A}
}

@Unpublished{SchovanecGilliam1999,
  author = {L. Schovanec and D. Gilliam},
  title =  {ODE and PDE lecture notes 1999, Theorem 4.2.7 Chapter 4},
  note =   {The department to Mathematics and Statistics at Texas Tech University.}
}

@Article{VincentBayuLaurent2016,
  author =  {Vincent Andrieu and Bayu Jayawardhanay and Laurent Pralyz},
  title =   {Transverse exponential stability and applications},
  journal = {math.DS},
  year =    {2016},
  month =   {January}
}

@Article{ZhongWeiss2011,
  author =  {Qing-Chang Zhong and George Weiss},
  title =   {Synchronverters: Inverters That Mimic Synchronous Generators},
  journal = {IEEE TRANSACTIONS ON INDUSTRIAL ELECTRONICS, VOL. 58},
  year =    {2011}
}

@Article{zhouOhsawa2009,
  author =  {Jun Zhou and Yasuharu Ohsawa},
  title =   {Improved Swing Equation and Its Properties in Synchronous Generators},
  journal = {IEEE Transactions on Circuits and Systems},
  year =    {2009}
}
