%%%%%%%%%%%%%%%%   bib macros

@string{CDC19="Proc.\ 19th IEEE Conf. on Decision and Control"}
@string{CDC26="Proc.\ 26th IEEE Conf. on Decision and Control"}
@string{CDC30="Proc.\ 30th IEEE Conf. on Decision and Control"}
@string{CDC32="Proc.\ 32nd IEEE Conf. on Decision and Control"}
@string{CDC33="Proc.\ 33rd IEEE Conf. on Decision and Control"}
@string{CDC34="Proc.\ 34th IEEE Conf. on Decision and Control"}
@string{CDC35="Proc.\ 35th IEEE Conf. on Decision and Control"}
@string{CDC36="Proc.\ 36th IEEE Conf. on Decision and Control"}
@string{CDC37="Proc.\ 37th IEEE Conf. on Decision and Control"}
@string{CDC38="Proc.\ 38th IEEE Conf. on Decision and Control"}
@string{CDC39="Proc.\ 39th IEEE Conf. on Decision and Control"}
@string{CDC40="Proc.\ 40th IEEE Conf. on Decision and Control"}
@string{CDC41="Proc.\ 41st IEEE Conf. on Decision and Control"}
@string{CDC42="Proc.\ 42nd IEEE Conf. on Decision and Control"}
@string{CDC43="Proc.\ 43rd IEEE Conf. on Decision and Control"}
@string{CDC44="Proc.\ 44th IEEE Conf. on Decision and Control"}
@string{CDC45="Proc.\ 45th IEEE Conf. on Decision and Control"}
@string{CDC46="Proc.\ 46th IEEE Conf. on Decision and Control"}

@string{CDC53="Proc.\ 53rd IEEE Conf. on Decision and Control"}
 
@string{ACC91="Proc.\ 1991 American Control Conf."}
@string{ACC95="Proc.\ 1995 American Control Conf."}
@string{ACC96="Proc.\ 1996 American Control Conf."}
@string{ACC97="Proc.\ 1997 American Control Conf."}
@string{ACC98="Proc.\ 1998 American Control Conf."}
@string{ACC99="Proc.\ 1999 American Control Conf."}
@string{ACC00="Proc.\ 2000 American Control Conf."}
@string{ACC01="Proc.\ 2001 American Control Conf."}
@string{ACC02="Proc.\ 2002 American Control Conf."}
@string{ACC03="Proc.\ 2003 American Control Conf."}
@string{ACC04="Proc.\ 2004 American Control Conf."}

@string{ECC2="Proc.\ 2nd European Control Conf."}
@string{ECC5="Proc.\ 5th European Control Conf."}
@string{ECC6="Proc.\ 6th European Control Conf."}
@string{ECC07="Proc.\ 9th  European Control Conf. (ECC'07)"}

@string{IFAC96="Proc.\ 13th IFAC World Congress"}
@string{IFAC99="Proc.\ 14th IFAC World Congress"}

@string{TAC="IEEE Trans.\ Automat.\ Control"}

@string{SCL="Systems Control Lett."}

@string{IJC="Int. J. Control"}

@string{IJRNC="Int. J. Robust Nonlinear Control"}

@string{IJACSP="Int. J. Adaptive Control Signal Proc."}

@string{MCSS="Math. Control Signals Systems"}

@string{EJC="European J. Control"}

@string{SIAM="SIAM J.\ Control Optim."}

@string{CSM="IEEE Control Systems Magazine"}

@string{LAA="Linear Algebra Appl."}

@string{ARC="Automat. Remote Control"}

@string{DFE="Diff. Eqns."}

@string{JDE="J. Diff. Eqns."}

@string{TCBB="IEEE/ACM Trans. Computational Biology and Bioinformatics"}

@string{IEEE="Proc. IEEE"}

@string{PNAS="Proceedings of the National Academy of Sciences"}

@string{JSTATM="J. Stat. Mech."},

@string{PLOSCB="PLOS Computational Biology"}

@string{JTB="J. Theoretical Biology"}

@string{MBAE="Molecular Biology and Evolution"}

@string{p="Preprint"}

@string{ta="To appear"}

@string{s="Submitted"}

@string{j="{\bf Journal version available}"}
%%%%%%%%%%%%%%%%%%%%%%%%%%%%%%%%%%%%%%%%%%%%%%%%%%%%%%%%%%

@ARTICLE{Lee2012,
  author =       {S. Lee  and B. Liu and S. Lee and S.X. Huang and B. Shen and S.B. Qian},
  title =        {Global mapping of translation initiation sites in mammalian cells at single-nucleotide resolution},
  journal =      PNAS,
  year =         {2012},
  volume =       {109},
  number =       {37},
  pages =        {E2424-32}
}

@ARTICLE{Zur2013,
  author =       {H. Zur and T. Tuller},
  title =        {New universal rules of eukaryotic translation initiation fidelity},
  journal =      PLOSCB,
  year =         {2013},
  volume =       {9},
  number =       {7},
  pages =        {e1003136},
}


@ARTICLE{dos-Reis2009,
  author =       {M. dos Reis and L. Wernisch},
  title =        {Estimating translational selection in eukaryotic genomes},
  journal =      MBAE,
  year =         {2009},
  volume =       {26},
  number =       {2},
  pages =        {451-61},
}


@book{TNM2011,
title={Totally Nonnegative Matrices},
author={S. M. Fallat and C. R. Johnson},
publisher={Princeton University Press},
year={2011},
}


@ARTICLE{Firczuk2013,
  author =       {H. Firczuk and S. Kannambath and J. Pahle and A. Claydon and R. Beynon and J. Duncan and H. Westerhoff and P. Mendes and J.E. McCarthy},
  title =        {An in vivo control map for the eukaryotic {mRNA} translation machinery},
  journal =      {Mol Syst Biol.},
  year =         {2013},
  volume =       {9},
  pages =        {635},
}




@ARTICLE{Potapov2012,
  author =       {I. Potapov and J. Makela and O. Yli-Harja and A. S. Ribeiro},
  title =        {Effects of codon sequence on the dynamics of genetic networks},
  journal =      JTB,
  year =         {2012},
  volume =       {315},
  pages =        {17-25},
}



@ARTICLE{Chu2012,
  author =       {D. Chu and N. Zabet and T. von der Haar},
  title =        {A novel and versatile computational tool to model translation.},
  journal =      {Bioinformatics},
  year =         {2012},
  volume =       {28},
  number =       {2},
  pages =        {292-3},
}



@ARTICLE{Shah2013,
  author =       {P. Shah and Y. Ding and M. Niemczyk and G. Kudla and J.M. Plotkin},
  title =        {Rate-limiting steps in yeast protein translation},
  journal =      {Cell},
  year =         {2013},
  volume =       {153},
  number =       {7},
  pages =        {1589-601},
}




@ARTICLE{Kimchi-Sarfaty2013,
  author =       {C. Kimchi-Sarfaty and T. Schiller and N. Hamasaki-Katagiri and M.A. Khan and C. Yanover and Z.E. Sauna},
  title =        {Building better drugs: developing and regulating engineered therapeutic proteins},
  journal =      {Trends Pharmacol. Sci.},
  year =         {2013},
  note={doi:10.1016/j.tips.2013.08.005},
}


@ARTICLE{Gustafsson2004,
  author =       {C. Gustafsson and S. Govindarajan and J. Minshull},
  title =        {Codon bias and heterologous protein expression},
  journal =      {Trends Biotechnol.},
  year =         {2004},
  volume =       {22},
  pages =        {346-53},
}



@ARTICLE{Plotkin2011,
  author =       {J.B. Plotkin and G. Kudla},
  title =        {Synonymous but not the same: the causes and consequences of codon bias},
  journal =      {Nat. Rev. Genet.},
  year =         {2011},
  volume =       {12},
  pages =        {32-42},
}



@ARTICLE{Tuller2010,
  author =       {T. Tuller and A. Carmi and K. Vestsigian and S. Navon and Y. Dorfan and J. Zaborske and T. Pan and
                  O. Dahan and I. Furman and Y. Pilpel},
  title =        {An evolutionarily conserved mechanism for controlling the efficiency of protein translation},
  journal =      {Cell},
  year =         {2010},
  volume =       {141},
  number =       {2},
  pages =        {344-54},
}




@BOOK{Bonnans2006,
  author =       {J. F. Bonnans and J. C. Gilbert and C. Lemarechal and C. A. Sagastizabal },
  title =        {Numerical Optimization: Theoretical and Practical Aspects},
  publisher =    {Springer-Verlag},
  year =         {2006},
  address =      {Berlin},
}

@BOOK{Kiwiel1985,
  author =       {K. Kiwiel},
  title =        {Methods of Descent for Nondifferentiable Optimization},
  year =         {1985},
  address =      {Berlin},
}



@BOOK{Dimitri1999,
  author =       {D. P. Dimitri },
  title =        {Nonlinear Programming},
  publisher =    {Athena Scientific},
  year =         {1999},
  address =      {Cambridge, MA.},
}



@ARTICLE{Edri2013,
 author =       {S. Edri and  E. Gazit and E. Cohen and T. Tuller},
 title =        {The {RNA} Polymerase Flow Model of Gene Transcription},
 journal={IEEE Trans. Biomed. Circuits Syst.},
 volume={8}, number={1},pages={54-64},
 year =         {2014},
}




@ARTICLE{Zur2012,
  author =       {H. Zur and T. Tuller},
  title =        {RFMapp: ribosome flow model application},
  journal =      {Bioinformatics},
  year =         {2012},
  volume =       {28},
  number =       {12},
  pages =        {1663-4},
}


@ARTICLE{Chu2012,
  author =       {D. Chu and N. Zabet T. von der Haar},
  title =        {A novel and versatile computational tool to model translation},
  journal =      {Bioinformatics},
  year =         {2012},
  volume =       {28},
  number =       {2},
  pages =        {292-3},
}



@ARTICLE{Yau2004,
journal={Annals of Mathematics},
volume={159},year={2004}, pages={377-405},
title={$(\log t)^{2/3}$ law of the two dimensional
asymmetric simple exclusion process},
author={H-T. Yau},
}



@ARTICLE{Gilchrist2006,
  author =       {M. A. Gilchrist and A. Wagner},
  title =        {A model of protein translation including codon bias, nonsense errors, and ribosome recycling},
  journal =      JTB,
  year =         {2006},
  volume =       {239},
  number =       {4},
  pages =        {417-34},
}


@BOOK{Morgan2007,
  author =       {D. O. Morgan},
  title =        {The cell cycle, principles of control},
  publisher =    {New Science Press},
  year =         {2007},
  address =      {London},
}




@ARTICLE{Talia2007,
  author =       {S. Di Talia and J. M. Skotheim and J. M. Bean and E. D. Siggia and F. R. Cross},
  title =        {The effects of molecular noise and size control on variability in the budding yeast cell cycle},
  journal =      {Nature},
  year =         {2007},
  volume =       {448},
  number =       {7156},
  pages =        {947-51},
}



@ARTICLE{Aitken2010,
  author =       {C. E. Aitken and A. Petrov and J. D. Puglisi},
  title =        {Single ribosome dynamics and the mechanism of translation},
  journal =      {Annu. Rev. Biophys.},
  year =         {2010},
  volume =       {39},
  number =       {491-513},
}


@ARTICLE{Petrov2011,
  author =       {A. Petrov and G. Kornberg and S. O'Leary and A. Tsai and S. Uemura and J.D. Puglisi},
  title =        {Dynamics of the translational machinery},
  journal =      {Curr. Opin. Struct. Biol.},
  year =         {2011},
  volume =       {21},
  number =       {1},
  pages =        {137-45},
}



@ARTICLE{Uemura2010,
  author =       {S. Uemura and C. E. Aitken and J. Korlach and B. A. Flusberg and S. W. Turner and J. D. Puglisi},
  title =        {Real-time {tRNA} transit on single translating ribosomes at codon resolution},
  journal =      {Nature},
  year =         {2010},
  volume =       {464},
  pages =        {1012-1017},
}




@ARTICLE{Culver2000,
  author =       {G. M. Culver and H. F. Noller},
  title =        {In vitro reconstitution of {30S} ribosomal subunits using complete set of recombinant proteins},
  journal =      {Methods Enzymol.},
  year =         {2000},
  volume =       {318},
  pages =        {446-60},
}


@ARTICLE{Wen2008,
  author =       {J. D. Wen and L. Lancaster and C. Hodges A. C. Zeri and S. H. Yoshimura and H. F. Noller and C. Bustamante and I. Tinoco},
  title =        {Following translation by single ribosomes one codon at a time},
  journal =      {Nature},
  year =         {2008},
  volume =       {452},
  number =       {7187},
  pages =        {598-603},
}





@ARTICLE{Kruse2005,
  author =       {K. Kruse and F. Julicher},
  title =        {Oscillations in cell biology},
  journal =      {Curr. Opin. Cell Biol.},
  year =         {2005},
  volume =       {17},
  number =       {1},
  pages =        {20-6},
}




@ARTICLE{Ledda2005,
  author =       {M. Ledda and M. Di Croce and B. Bedini and F. Wannenes and
   M. Corvaro and P. P. Boyl and S. Caldarola and F. Loreni and F. Amaldi},
  title =        {Effect of {3'UTR}
   length on the translational regulation of 5'-terminal oligopyrimidine {mRNAs}},
  journal =      {Gene},
  year =         {2005},
  volume =       {344},
  pages =        {213-20},
}



@BOOK{jonesandthron,
author={W. B. Jones and W. J. Thron},
title={Continued Fractions: Analytic Theory and Applications},
year={1980},
publisher={Addison-Wesley},
address={Reading, MA},
}


@ARTICLE{Gu2010,
  author =       {W. Gu and T. Zhou and C. O. Wilke},
  title =        {A universal trend of reduced {mRNA}
   stability near the translation-initiation site in prokaryotes and eukaryotes},
  journal =      PLOSCB,
  pages={e1000664},
  year =         {2010},
  volume =       {6},
}

@article{zarai_infi,
author = {Y. Zarai and M. Margaliot and T. Tuller},
title = {Explicit expression for the steady-state translation rate in the infinite-dimensional homogeneous ribosome flow model},
year={2013},
volume={10},
isuue={5},
pages={1322-1328},
journal = TCBB,
}

%@ARTICLE{infi_HRFM,
%  author =       {Y. Zarai and M. Margaliot and T. Tuller},
%  title =        {Analysis of the steady-state translation rate  in the infinite
%  dimensional homogeneous ribosome flow model},
%  journal =       TCBB,
%  year =         {2013},
%  note=ta,
%  url={www.eng.tau.ac.il/~michaelm}
%}


@ARTICLE{Dana2012,
  author =       {A. Dana and T. Tuller},
  title =        {Determinants of translation elongation speed and ribosomal profiling biases in mouse embryonic stem cells},
  journal =      PLOSCB,
  year =         {2012},
  volume =       {8},
  number =       {12},
  pages =        {e1002755},
}




@ARTICLE{Ciandrini2013,
  author =       {L. Ciandrini and I. Stansfield and M.C. Romano},
  title =        {Ribosome Traffic on {mRNA}s Maps to Gene Ontology:
  Genome-wide Quantification of Translation Initiation Rates and Polysome Size Regulation},
  journal =      PLOSCB,
  year =         {2013},
  volume =       {9},   pages = {e1002866},
  number =       {1},
}



@ARTICLE{Schwanhausser2011,
  author =       {B. Schwanhausser and D. Busse and N. Li and G. Dittmar
   and J. Schuchhardt and J. Wolf and W. Chen and M. Selbach},
  title =        {Global quantification of mammalian gene expression control},
  journal =      {Nature},
  year =         {2011},
  volume =       {473},
  number =       {7347},
  pages =        {337-42},
}



@ARTICLE{Kondrashov2011,
  author =       {N. Kondrashov and A. Pusic and C.R. Stumpf and K. Shimizu and A.C. Hsieh and S. Xue and J. Ishijima and T. Shiroishi and M. Barna},
  title =        {Ribosome-mediated specificity in {Hox} {mRNA} translation and vertebrate tissue patterning},
  journal =      {Cell},
  year =         {2011},
  volume =       {145},
  number =       {3},
  pages =        {383-97},
}



@ARTICLE{Hunt2008,
  author =       {A.G. Hunt and R. Xu and B. Addepalli and S. Rao and K.P. Forbes and L.R. Meeks and D. Xing and M. Mo and H. Zhao and A. Bandyopadhyay and L. Dampanaboina and A. Marion and C. Von Lanken and Q.Q. Li},
  title =        {Arabidopsis {mRNA} polyadenylation machinery:
   comprehensive analysis of protein-protein interactions and gene expression profiling},
  journal =      {BMC Genomics},
  year =         {2008},
  volume =       {9},
  pages =        {220},
}




@ARTICLE{Guhaniyogi2001,
  author =       {J. Guhaniyogi and G. Brewer},
  title =        {Regulation of {mRNA} stability in mammalian cells},
  journal =      {Gene},
  year =         {2001},
  volume =       {265},
  number =       {1-2},
  pages =        {11-23},
}




@ARTICLE{Howard1970,
  author =       {G. A. Howard and S. D. Adamson and E. Herbert },
  title =        {Subunit recycling during translation in a reticulocyte cell-free system},
  journal =      {J. Biol. Chem.},
  year =         {1970},
  volume =       {245},
  pages =        {6237-6239},
}




@ARTICLE{Tarun1997,
  author =       {S. Z. Tarun and A. B. Sachs},
  title =        {Binding of eukaryotic translation initiation factor {4E} {(eIF4E)}
   to {eIF4G} represses translation of uncapped {mRNA}},
  journal =      {Mol. Cell. Biol.},
  year =         {1997},
  volume =       {17},
  pages =        {6876-6886},
}






@ARTICLE{Craig1998,
  author =       {A. W. Craig and A. Haghighat and A. T. Yu and N. Sonenberg},
  title =        {Interaction of polyadenylate-binding protein with
  the {eIF4G} homologue {PAIP} enhances translation},
  journal =      {Nature},
  year =         {1998},
  volume =       {392},
  number =       {6675},
  pages =        {520-3},
}


@INPROCEEDINGS{AngeliS2004,
  author =      { D. Angeli and E. D. Sontag.},
  title =        { Interconnections of monotone systems with
steady-state characteristics},
  booktitle =    {Optimal control, stabilization and nonsmooth analysis},
  year =        {2004},
  editors=      {M. S. \mbox{de Queiroz} and M. A. Malisoff and P.
R. Wolenski},
  volume =      {301},
  series =      {Lecture Notes in Control and Inform. Sci.},
  pages =        {135-154},
  address =      {Berlin},
  publisher =    {Springer},
}



@book{waad,
title={Continued Fractions: Convergence Theory},
author={L. Lorentzen and H. Waadeland},
year={2008}, volume={1},edition={2},
publisher={Atlantis Press}, address={Paris},
}


@ARTICLE{Xu2013,
  author =       {Y. Xu and P. Ma and P. Shah and A. Rokas and Y. Liu and C. Hirschie Johnson},
  title =        {Non-optimal codon usage is a mechanism to achieve circadian clock conditionality},
  journal =      {Nature},
  year =         {2013},
  volume =       {doi:10.1038/nature11942},
}

@ARTICLE{Zhou2013,
  author =       {M. Zhou and J. Guo and J. Cha and M. Chae and S. Chen and J. M. Barral and M. S. Sachs and Y. Liu},
  title =        {Non-optimal codon usage affects expression, structure and function of clock protein {FRQ}},
  journal =      {Nature},
  year =         {2013},
  volume =       {doi: 10.1038/nature11833},
}


@ARTICLE{Collins1997,
  author =       {K. Collins and T. Jacks and N. P. Pavletich},
  title =        {The cell cycle and cancer},
  journal =      PNAS,
  year =         {1997},
  volume =       {94},
  number =       {7},
  pages =        {2776-2778},

}





@ARTICLE{Akashi2002,
  author =       {H. Akashi and T. Gojobori},
  title =        {Metabolic efficiency and amino acid composition in the proteomes
   of {E}scherichia coli and {B}acillus subtilis},
  journal =      PNAS,
  year =         {2002},
  volume =       {99},
  number =       {6},
  pages =        {3695-700},
}





@article{phase_lock,
    author = {Jovic, Andreja AND Howell, Bryan AND Cote, Michelle AND Wade, Susan M. AND Mehta, Khamir AND Miyawaki, Atsushi AND Neubig, Richard R. AND Linderman, Jennifer J. AND Takayama, Shuichi},
    journal = PLOSCB,
    title = {Phase-Locked Signals Elucidate Circuit Architecture of an Oscillatory Pathway},
    year = {2010},
    volume = {6},
    pages = {e1001040},
}

@article{tasep_ad_hoc_nets,
 author = {S. Srinivasa and M. Haenggi},
  title = {A Statistical Mechanics-Based Framework
   to Analyze Ad Hoc Networks with Random Access},
    journal ={IEEE Trans.  Mobile Computing},
    volume = {11},
     year = {2012},
     pages = {618-630},
}

@article{RFM_feedback,
title = {Ribosome Flow Model with Positive Feedback},
journal={J. Royal Society Interface},
year = {2013},
author = {M. Margaliot and T. Tuller},
volume={10},    pages={20130267},
}



@article{FerrellJr2011874,
title = "Modeling the Cell Cycle: Why Do Certain Circuits Oscillate?",
journal = "Cell",
volume = "144",
number = "6",
pages = "874-885",
year = "2011",
author = "J. E. {Ferrell Jr.} and T. Yu-Chen Tsai and Q. Yang",
}





@article{angeli_sontag_pnas_2004,
author={D. Angeli and
J. E. Ferrell and E. D. Sontag},
title={Detection of multistability, bifurcations, and hysteresis
in a large class of biological positive-feedback systems},
journal=PNAS,
volume={101}, pages={1822-1827},
year={2004},
}


@article{Vidyasagar197890,
title = "On matrix measures and convex {L}iapunov functions",
journal = "J. Mathematical Analysis   Applications",
volume = "62",
pages = "90-103",
year = "1978",
author = "M. Vidyasagar"
}


@ARTICLE{Frenkel2012,
  author =       {M. Frenkel-Morgenstern and T. Danon and T. Christian and T. Igarashi and L. Cohen and Y. M. Hou and L. J. Jensen},
  title =        {Genes adopt non-optimal codon usage to generate cell cycle-dependent oscillations in protein levels},
  journal =      {Mol. Syst. Biol.},
  year =         {2012},
  volume =       {8},
  pages =        {572},
}




@ARTICLE{Wells1998,
  author =       {S. E. Wells and P. E. Hillner and R.D. Vale A. B. Sachs},
  title =        {Circularization of {mRNA} by Eukaryotic Translation Initiation Factors},
  journal =      {Molecular Cell},
  year =         {1998},
  volume =       {2},
  number =       {1},
  pages =        {135-140},
}





@book{num_the_rosen,
title={Elementary Number Theory and its Applications},
author={K. H. Rosen},
publisher={Addison-Wesley},
year={2000},
edition={4},
}



@ARTICLE{LopezLastra2005,
  author =       {M. López-Lastra and A. Rivas and M.I. Barría},
  title =        {Protein synthesis in eukaryotes: the growing biological relevance of cap-independent translation initiation},
  journal =      {Biol Res.},
  year =         {2005},
  volume =       {38},
  number =       {2-3},
  pages =        {121-46},
}



@ARTICLE{Schwanhausser2011,
  author =       {B. Schwanhausser and D. Busse and N. Li and G. Dittmar and J. Schuchhardt and J. Wolf and W. Chen and M. Selbach},
  title =        {Global quantification of mammalian gene expression control},
  journal =      {Nature},
  year =         {2011},
  volume =       {473},
  number =       {7347},
  pages =        {337-342},
}




@ARTICLE{Belle2006,
  author =       {A. Belle and A. Tanay and L. Bitincka and R. Shamir and E.K. O'Shea},
  title =        {Quantification of protein half-lives in the budding yeast proteome.},
  journal =      {Proc. Natl. Acad. Sci. U.S.A.},
  year =         {2006},
  volume =       {103},
  number =       {35},
  pages =        {13004-13009},
}



@ARTICLE{Shalem2008,
  author =       {O. Shalem and O. Dahan and M. Levo and M.R. Martinez and I. Furman and E. Segal and Y. Pilpel},
  title =        {Transient transcriptional responses to stress are generated by
                         opposing effects of {mRNA} production and degradation},
  journal =      {Mol. Syst. Biol.},
  year =         {2008},
  volume =       {4},
  number =       {223},
}


@ARTICLE{ Kawaguchi ,
  author =       {R. Kawaguchi and T.  Girke  and   E. A.  Bray   and   J.  Bailey-Serres},
  title =        {Differential m{RNA}
   translation contributes to gene regulation under
   non-stress and dehydration stress conditions in {A}rabidopsis thaliana},
  journal =      {Plant J.},
  year =         {2004},
  volume =       {38},
  number =       {5},
  pages =        {823-839},
}




@ARTICLE{Lu2007,
  author =       {P. Lu and C. Vogel and R. Wang and X. Yao and E.M. Marcotte},
  title =        {Absolute protein expression profiling estimates the relative contributions of transcriptional and translational regulation},
  journal =      {Nat. Biotechnol.},
  year =         {2007},
  volume =       {25},
  number =       {1},
  pages =        {117-124},

}




@ARTICLE{Weissman2006,
  author =       {J.R.	Newman and S. Ghaemmaghami and J. Ihmels and D.K. Breslow and M. Noble and J.L. DeRisi and J.S. Weissman},
  title =        {Single-cell proteomic analysis of S. cerevisiae reveals the architecture of biological noise},
  journal =      {Nature},
  year =         {2006},
  volume =       {441},
  number =       {7095},
  pages =        {840-846},
}



@ARTICLE{Ghaemmaghami2003,
  author =       {S. Ghaemmaghami and W.K. Huh and K. Bower and R.W. Howson and A. Belle and N. Dephoure and E.K. O'Shea and J.S. Weissman},
  title =        {Global analysis of protein expression in yeast},
  journal =      {Nature},
  year =         {2003},
  volume =       {425},
  number =       {6959},
  pages =        {737-741},
}



@article{Wilson01052012,
author = {D. N. Wilson  and J. H.  {Doudna Cate}},
title = {The Structure and Function of the Eukaryotic Ribosome},
volume = {4},
number = {5},
year = {2012},
journal = {Cold Spring Harbor Perspectives in Biology}
}





@ARTICLE{Ferrari2007,
  AUTHOR =       {P. A. Ferrari   and J. B. Martin},
  TITLE =        {Stationary distributions of multi-type totally asymmetric exclusion processes},
  JOURNAL =      {Annals of Probability},
  YEAR =         {2007},
  volume =       {35},
  skipnumber =       {3},
  pages =        {807-832},
}



@article{TASEP_feed2009,
title={Feedback and fluctuations in a totally asymmetric simple exclusion process with finite resources},
author={L. J. Cook and R. K. P. Zia},
journal=JSTATM,
year={2009},
pages={P02012},
}


@ARTICLE{Cannarozzi2010,
  AUTHOR =       {G. Cannarozzi and N. N. Schraudolph and M. Faty and P. von Rohr and M.
                         T. Friberg and A. C. Roth and P. Gonnet and G. Gonnet and Y. Barral},
  TITLE =        {A role for codon order in translation dynamics},
  JOURNAL =      {Cell},
  YEAR =         {2010},
  volume =       {141},
  number =       {2},
  pages =        {355-367},
}




@article(mans_2000,
title="Restricted permutations, continued fractions, and {C}hebyshev polynomials",
author="T. Mansour and A. Vainshtein",
journal="Electronic J. Combinatorics",
volume="7",
year="2000",
pages="R17",
}

@article{coppel74,
title={A Generalization of an Inequality of {C}oppel},
author={G. A. Hewer},
journal={Proc.  American Mathematical Society},
volume={44}, year={1974},pages={151-156},
}



@ARTICLE{mono_chem_2007,
  AUTHOR =       {P. De Leenheer and D. Angeli and E. D. Sontag},
  TITLE =        {Monotone Chemical Reaction Networks},
  JOURNAL =      {J. Mathematical Chemistry},
  YEAR =         {2007},
  volume =       {41},
  pages =        {295-314},
}





@ARTICLE{Schwanhausser2011,
  AUTHOR =       {Schwanha"usser, B. and Busse, D. and Li, N. and Dittmar, G. and Schuchhardt, J. and Wolf, J. and Chen, W. and Selbach, M.},
  TITLE =        {Global quantification of mammalian gene expression control},
  JOURNAL =      {Nature},
  YEAR =         {2011},
  volume =       {473},
  number =       {7347},
  pages =        {337-42},
}



@ARTICLE{Haar2008,
  AUTHOR =       {von der Haar, T.},
  TITLE =        {A quantitative estimation of the global translational activity in logarithmically growing yeast cells},
  JOURNAL =      {BMC Syst Biol.},
  YEAR =         {2008},
  volume =       {2},
  pages =        {87},
}




@ARTICLE{Arava2003,
  AUTHOR =       {Arava, Y.  and Wang, Y. and Storey, J. D. and Liu, C. L. and Brown, P. O. and Herschlag, D.},
  TITLE =        {Genome-wide analysis of {mRNA} translation profiles in
   {S}accharomyces cerevisiae},
  JOURNAL =      PNAS,
  YEAR =         {2003},
  volume =       {100},
  number =       {7},
  pages =        {3889-3894},
}



@BOOK{Cooper2000,
  AUTHOR =       {Cooper, G.M.},
  TITLE =        {The Cell -- A Molecular Approach},
  YEAR =         {2000},
  address =      {Boston University Sunderland (MA): Sinauer Associates},
  edition =      {2nd edition},
}



@ARTICLE{Cramer2001,
  AUTHOR =       {Cramer, P. and Bushnell, DA. and Kornberg, RD.},
  TITLE =        {Structural basis of transcription: {RNA} polymerase II at 2.8 angstrom resolution},
  JOURNAL =      {Science},
  YEAR =         {2001},
  volume =       {292},
  number =       {5523},
  pages =        {1863-76},
}








@ARTICLE{Dittmar2006,
  AUTHOR =       {Dittmar, KA. and Goodenbour, JM. and Pan T.},
  TITLE =        {Tissue-specific differences in human transfer {RNA} expression},
  JOURNAL =      {PLOS Genet.},
  YEAR =         {2006},
  volume =       {2},
  number =       {12},
}




@ARTICLE{Welch2009,
  AUTHOR =       {Welch, M. and Govindarajan, S. and Ness, JE. and Villalobos, A. and Gurney, A. and Minshull, J. and Gustafsson C.},
  TITLE =        {Design parameters to control synthetic gene expression in Escherichia coli},
  JOURNAL =      {PLOS One.},
  YEAR =         {2009},
  volume =       {4},
  number =       {9},
}




@ARTICLE{Chu2011,
  AUTHOR =       {Chu, D. and Barnes, D. J. and von der Haar, T.},
  TITLE =        {The role of {tRNA} and ribosome competition in coupling the expression of different {mRNA}s in Saccharomyces cerevisiae},
  JOURNAL =      {Nucleic Acids Res.},
  YEAR =         {2011},
  volume =       {39},
  number =       {15},
  pages =        {6705-6714},
}




@ARTICLE{Qian2012,
  AUTHOR =       {Qian, W and Yang, JR. and Pearson, NM. and Maclean, C. and Zhang, J.},
  TITLE =        {Balanced codon usage optimizes eukaryotic translational efficiency},
  JOURNAL =      {PLOS Genet.},
  YEAR =         {2012},
  volume =       {8}, pages={e1002603},
  number =       {3},
}




@ARTICLE{Tuller2010b,
  AUTHOR =       {Tuller, T. and Waldman, Y. Y. and Kupiec, M. and Ruppin, E.},
  TITLE =        {Translation efficiency is determined by both codon bias and folding energy},
  JOURNAL =      PNAS,
  YEAR =         {2010},
  volume =       {107},
  number =       {8},
  pages =        {3645-50},
}





 @article{PhysRevLett.102.198104,
  title = {Queueing Phase Transition: Theory of Translation},
  author = {Romano, M. Carmen and Thiel, Marco and Stansfield, Ian and
Grebogi, Celso},
  journal = {Phys. Rev. Lett.},
  volume = {102},
  issue = {19},
  pages = {198104},
  year = {2009},
}




@article{mcs_angeli_2003,
title={Monotone control systems},
journal=TAC,
year={2003},
author={D. Angeli and E. D. Sontag},
volume={48},
pages={1684-1698},
}

@ARTICLE{Chowdhury2005,
  AUTHOR =       {D. Chowdhury and A. Schadschneider and K. Nishinari},
  TITLE =        {Physics of transport and traffic phenomena in biology: from molecular motors and cells to organisms},
  JOURNAL =      {Physics of Life Reviews},
  YEAR =         {2005},
  pages =        {318-352},
}

@article{traffic_TASEP_99,
title={Vehicular Traffic: A System of Interacting Particles Driven Far From Equilibrium},
author={D. Chowdhury and L. Santen and A. Schadschneider},
journal={Curr. Sci.},
volume={77},
pages={411-419},
year={1999},
}






@article{Mole_motors_2003,
year={2003},
journal={J. Statistical Physics},
volume={113},

title={Traffic of Molecular Motors Through Tube-Like Compartments},
author={S. Klumpp  and R.  Lipowsky},
pages={233-268},
}



@article{surf_gro_tasep,
year={2011},
journal={J. Statistical Physics},
volume={144},
title={Finite Time Corrections in {KPZ} Growth Models},
author={P. L. Ferrari  and R. Frings},
pages={1123-1150},
}




@article{biomotor_2012,
journal={Phys. Rev. Lett.},
year={2012}, volume={20},
title={Distinct transport regimes for two elastically coupled molecular motors},
author={F. Berger and C.  Keller and S.  Klumpp and R. Lipowsky},
pages={208101-208105},
}

@article{traffic_asep_2009,
  title = {Traffic by multiple species of molecular motors},
  author = {Y. Chai  and S. Klumpp and M. J. I.  Muller  and R. Lipowsky},
  journal = {Phys. Rev. E},
  volume = {80},
  pages = {041928},
  year = {2009},
 }

@article{pop_traffic_2001,
  author={V. Popkov and L. Santen and A. Schadschneider and G. M. Schutz},
  title={Empirical evidence for a boundary-induced nonequilibrium phase transition},
  journal={J. Physics A: Mathematical and General},
  volume={34},
  skipnumber={6},
  pages={L45},
    year={2001},
    }
	



@article {TASEP_tutorial_2011,
   author = {Zia, R. and Dong, J. and Schmittmann, B.},
     title = {Modeling Translation in Protein Synthesis with \mbox{TASEP}:
      A Tutorial and Recent Developments},
   journal = {J. Statistical Physics},
   pages = {405-428},
   volume = {144},
   year = {2011}
}


@ARTICLE{Li2007,
  AUTHOR =       {S.W. Li and L. Feng and D.K. Niu},
  TITLE =        {Selection for the miniaturization of highly expressed genes},
  JOURNAL =      {Biochem Biophys Res Commun.},
  YEAR =         {2007},
  volume =       {360},
  number =       {3},
  pages =        {586-92},
}



@ARTICLE{Eisenberg2003,
  AUTHOR =       {E. Eisenberg and E.Y. Levanon },
  TITLE =        {Human housekeeping genes are compact},
  JOURNAL =      {Trends Genet.},
  YEAR =         {2003},
  volume =       {19},
  number =       {7},
  pages =        {362-5},
}




@ARTICLE{Ingolia2009,
  AUTHOR =       {N. T. Ingolia and S. Ghaemmaghami and J. R. Newman and J. S. Weissman},
  TITLE =        {Genome-wide analysis in vivo of translation with
                  nucleotide resolution using ribosome profiling},
  JOURNAL =      {Science},
  YEAR =         {2009},
  volume =       {324},
  number =       {5924},
  pages =        {218-23},
}



@ARTICLE{Ingolia2011,
  AUTHOR =       {N. T. Ingolia and L.F. Lareau and J.S. Weissman},
  TITLE =        {Ribosome profiling of mouse embryonic stem cells reveals the complexity and dynamics of mammalian proteomes},
  JOURNAL =      {Cell},
  YEAR =         {2011},
  volume =       {147},
  number =       {4},
  pages =        {789-802},
}



@article{ElMikkawy2004669,
title = "On the inverse of a general tridiagonal matrix",
journal = "Applied Mathematics and Computation",
volume = "150",
pages = "669-679",
year = "2004",
author = "Moawwad E.A. El-Mikkawy",
}


@book{ogata_dc,
title={Discrete-Time Control Systems}, author={K. Ogata},
publisher={Pearson Education},year={1994},
}

@book{wall_contin_frac,
publisher={Chelsea Publishing Company},
 year={1973},
title={Analytic Theory of Continued Fractions},
author={H. S. Wall},address={Bronx, NY},
}




@article{RFM_stability,
title = "Stability analysis of the ribosome flow model",
year = "2012",
author = "M. Margaliot and T. Tuller",
volume="9",pages="1545-1552",
journal=TCBB,
}



@article{HRFM_steady_state,
title = "On the Steady-State Distribution in the Homogeneous  Ribosome Flow Model",
year = "2012",
author = "M. Margaliot and T. Tuller",
volume="9",pages="1724-1736",
journal=TCBB,
}





@article{LOHMILLER1998683,
title = "On Contraction Analysis for Non-linear Systems",
journal = "Automatica",
volume = "34",
pages = "683-696",
year = "1998",
author = "W. Lohmiller and J.-J. E. Slotine",
}

@article{PARTIL_CONTRACTION_SLOTINE,
title = "On Partial Contraction Analysis for Coupled Nonlinear Oscillators",
journal = "Biological Cybernetics",
volume = "92(1)",
pages = "1-27",
year = "2004",
author = "W. Wang and J.-J. E. Slotine",
}




@article{Spitzer1970246,
title = "Interaction of {M}arkov processes",
journal = "Adv. Math.",
volume = "5",
skipnumber = "2",
pages = "246-290",
year = "1970",
author = "F. Spitzer"
}



  	
@article{const_tasep_08,
  author={D. A. Adams and B. Schmittmann and R. K. P. Zia},
  title={Far-from-equilibrium transport with constrained resources},
  journal=JSTATM,
  volume={2008},
  skipnumber={06},
  pages={P06009},
  year={2008},
 }
	



@ARTICLE{Lakatos2003,
  AUTHOR =       {G. Lakatos and T. Chou},
  TITLE =        {Totally asymmetric exclusion processes with particles of arbitrary size},
  JOURNAL =      {J. Phys. A: Math. Gen},
  YEAR =         {2003},
  volume =       {36},
  pages =        {20272041},
}


@article{RFM_entrain,
author={M. Margaliot and E. D. Sontag and T. Tuller},
title={Entrainment to Periodic Initiation and Transition Rates in a Computational Model for Gene Translation},
journal={PLoS ONE},volume={9},number={5},pages={e96039},
 year={2014},
}


@article{entrain2011,
author={G. Russo and  M. di Bernardo  and E. D. Sontag},
title={Global entrainment of transcriptional systems to periodic inputs},
journal=PLOSCB,
volume={6}, pages={e1000739}, year={2010},
}


@ARTICLE{Baranov2002,
  AUTHOR =       {P. V. Baranov and R. F. Gesteland and J. F. Atkins},
  TITLE =        {Recoding: translational bifurcations in gene expression},
  JOURNAL =      {Gene},
  YEAR =         {2002},
  volume =       {286},
  number =       {5},
  pages =        {187-201},
}





@ARTICLE{Farabaugh1996,
  AUTHOR =       {P. J. Farabaugh},
  TITLE =        {Programmed translational frameshifting},
  JOURNAL =      {Annu. Rev. Genet.},
  YEAR =         {1996},
  volume =       {30},
  pages =        {50728},
}




@incollection {comp_res_baranov_2010,

   author = {A. E. Firth and M. Bekaert and P. V. Baranov},

   title = {Computational Resources for Studying Recoding},

   booktitle = {Recoding: Expansion of Decoding Rules Enriches Gene Expression},

   editor = {Atkins, John F. and Gesteland, Raymond F.},

   publisher = {Springer}, address={New York},

   pages = {435-461},

   volume = {24},

   series = {Nucleic Acids and Molecular Biology},

   year = {2010}

}


@ARTICLE{Churchman2011,
  AUTHOR =       {L. S. Churchman and J. S. Weissman},
  TITLE =        {Nascent transcript sequencing visualizes transcription at nucleotide resolution},
  JOURNAL =      {Nature},
  YEAR =         {2011},
  volume =       {469},
  number =       {7330},
  pages =        {368-73},
}




@article{tri_feed,
journal=SCL,year={2010},
volume={59}, pages={130-138},
title={Conditions for global stability of monotone tridiagonal systems with negative feedback},
author={L. Wang and  P. de Leenheer  and E. D. Sontag},
}






@article{mono_feed,
journal=TAC,year={2008},
volume={53}, pages={166-176},
 title={Oscillations in {I/O} monotone systems under negative feedback},
author={D. Angeli and E. D. Sontag},
}




@article{sontag_near_2007,
journal={Systems and Synthetic Biology},year={2007},
volume={1}, pages={59-87},
title={Monotone and near-monotone biochemical networks},
author={E. D. Sontag},
}


@book{vec_calc,
publisher={W. H. Freeman},
edition={5},
 year={2003},
title={Vector Calculus},
author={J. E. Marsden and A. Tromba},
}


@book(slotine,
title={Applied Nonlinear Control},
author={J. J. Slotine and W. Li},
year={1991},
publisher={Prentice Hall},
}

@book(cheb_poly,
title={Chebyshev Polynomials},
author={J. C. Mason and D. C. Handscomb},
year={2003},
publisher={Chapman \& Hall},
}


@book{hlsmith,
title={Monotone Dynamical Systems: An Introduction to the Theory of Competitive and
Cooperative Systems}, author={H. L. Smith}, series={Mathematical Surveys and Monographs},
volume={41}, publisher={Amer. Math. Soc.}, address={Providence, RI}, year={1995},
}


@article{smillie,
 author={J. Smillie}, year={1984},
title={Competitive and cooperative tridiagonal systems of differential equations},
journal={SIAM J. Mathematical Analysis},volume={15},  pages={530-534},
}


@article{Fiedler1999,
 author = {B. Fiedler and T.  Gedeon},
 title = {A {L}yapunov function for tridiagonal competitive-cooperative systems},
 journal = {SIAM J. Math. Anal.},
 volume = {30},
 issue = {3},
 sjipmonth = {March},
 year = {1999},
 pages = {469-478},
 }



@BOOK{Alberts2002,
  AUTHOR =       {B. Alberts AND A. Johnson AND J. Lewis AND M. Raff AND K. Roberts AND P. Walter},
  TITLE =        {Molecular Biology of the Cell},
  YEAR =         {2002},
  address =      {New York},
}




@article{reuveni,
    author = {S. Reuveni  AND I.  Meilijson  AND M.  Kupiec AND E. Ruppin  AND T. Tuller},
    journal = PLOSCB,
    title = {Genome-Scale Analysis of Translation Elongation with a Ribosome Flow Model},
    year = {2011},
    volume = {7},
    pages = {e1002127},
}




@ARTICLE{KimchiSarfaty2007,
  AUTHOR =       {C. Kimchi-Sarfaty AND J.M. Oh AND I.W. Kim AND Z.E. Sauna AND A.M. Calcagno AND S.V. Ambudkar AND M.M. Gottesman},
  TITLE =        {A "Silent" Polymorphism in the MDR1 Gene Changes Substrate Specificity.},
  JOURNAL =      {Science},
  YEAR =         {2007},
  volume =       {315},
  pages =        {525-528},
}




@ARTICLE{Coleman2008,
  AUTHOR =       {J.R. Coleman AND D. Papamichail AND S. Skiena AND B. Futcher AND E. Wimmer AND S. Mueller},
  TITLE =        {Virus attenuation by genome-scale changes in codon pair bias},
  JOURNAL =      {Science},
  YEAR =         {2008},
  volume =       {320},
  pages =        {1784-1787},
}


@ARTICLE{Bahir2009,
  AUTHOR =       {I. Bahir  and M. Fromer   and  Y. Prat   and M. Linial},
  TITLE =        {Viral adaptation to host: a proteome-based analysis
                   of codon usage and amino acid preferences},
  JOURNAL =      {Mol. Syst. Biol.},
  YEAR =         {2009},
  volume =       {5},
  pages =        {1-14},
}



@ARTICLE{Weringh2011,
  AUTHOR =       {A. van Weringh AND M. Ragonnet-Cronin AND E. Pranckeviciene AND M. Pavon-Eternod AND L. Kleiman AND X. Xia},
  TITLE =        {HIV-1 modulates the {tRNA} pool to improve translation efficiency},
  JOURNAL =      {Mol. Biol. Evol.},
  YEAR =         {2011},
  volume =       {28},
  number =       {6},
  pages =        {1827-34},
}



@ARTICLE{Vogel2010,
  AUTHOR =       {C. Vogel AND S. Abreu Rde AND D. Ko AND S.Y. Le AND B.A. Shapiro AND S.C. Burns AND D. Sandhu AND D.R. Boutz AND E.M. Marcotte AND L.O. Penalva},
  TITLE =        {Sequence signatures and {mRNA} concentration can explain two-thirds of protein abundance variation in a human cell line},
  JOURNAL =      {Mol. Syst. Biol.},
  YEAR =         {2010},
  volume =       {6},
  pages =        {1-9},
}



@ARTICLE{Pearson2011,
  AUTHOR =       {C.E. Pearson},
  TITLE =        {Repeat associated non-{ATG} translation initiation: one DNA, two transcripts, seven reading frames, potentially nine toxic entities},
  JOURNAL =      {PLOS Genet.},
  YEAR =         {2011},
  volume =       {7},
  pages =        {e1002018},
}


@ARTICLE{Comeron2006,
  AUTHOR =       {J.M. Comeron},
  TITLE =        {Weak selection and recent mutational changes influence polymorphic synonymous mutations in humans},
  JOURNAL =       PNAS,

  YEAR =         {2006},
  volume =       {103},
  pages =        {6940-6945},
}

%%%%%%%%%%%%%%



@ARTICLE{Gustafsson2004,
  AUTHOR =       {C. Gustafsson AND S. Govindarajan AND J. Minshull},
  TITLE =        {Codon bias and heterologous protein expression},
  JOURNAL =      {Trends Biotechnol.},
  YEAR =         {2004},
  volume =       {22},
  pages =        {346-353},
}


@ARTICLE{Kudla2009,
  AUTHOR =       {G. Kudla AND A. W. Murray and D. Tollervey and J. B. Plotkin},
  TITLE =        {Coding-sequence determinants of gene expression in Escherichia coli},
  JOURNAL =      {Science},
  YEAR =         {2009},
  volume =       {324},
  pages =        {255-258},
}



@ARTICLE{Plotkin2010,
  AUTHOR =       {J. B. Plotkin AND G. Kudla},
  TITLE =        {Synonymous but not the same: the causes and consequences of codon bias},
  JOURNAL =      {Nat. Rev. Genet.},
  YEAR =         {2010},
  volume =       {12},
  pages =        {32-42},
}




@ARTICLE{Burgess-Brown2008,
  AUTHOR =       {N.A. Burgess-Brown AND S. Sharma AND F. Sobott AND C. Loenarz AND U. Oppermann AND O. Gileadi},
  TITLE =        {Codon optimization can improve expression of human genes in Escherichia coli: A multi-gene study},
  JOURNAL =      {Protein Expr. Purif.},
  YEAR =         {2008},
  volume =       {59},
  pages =        {94-102},
}


@ARTICLE{Supek2010,
  AUTHOR =       {F. Supek AND T. Smuc},
  TITLE =        { On relevance of codon usage to expression of synthetic and natural genes in Escherichia coli},
  JOURNAL =      {Genetics},
  YEAR =         {2010},
  volume =       {185},
  pages =        {1129-1134},
}



@ARTICLE{Kozak1986,
  AUTHOR =       {M. Kozak},
  TITLE =        {Point mutations define a sequence flanking the AUG initiator codon that modulates translation by eukaryotic ribosomes},
  JOURNAL =      {Cell},
  YEAR =         {1986},
  volume =       {44},
  number =       {2},
  pages =        {283-92},
}


%%%%%%%%%%%%%%%%%%%



@ARTICLE{Drummond2008,
  AUTHOR =       {D. A. Drummond and  C. O. Wilke},
  TITLE =        {Mistranslation-induced protein misfolding as a dominant constraint on coding-sequence evolution},
  JOURNAL =      {Cell},
  YEAR =         {2008},
  volume =       {134},
  pages =        {341-352},
}



@ARTICLE{Drummond2009,
  AUTHOR =       {D. A. Drummond and  C. O. Wilke},
  TITLE =        {The evolutionary consequences of erroneous protein synthesis},
  JOURNAL =      {Nat. Rev. Genet.},
  YEAR =         {2009},
  volume =       {10},
  pages =        {715-724},
}


@ARTICLE{Shah2010a,
  AUTHOR =       {P. Shah and M. A. Gilchrist},
  TITLE =        {Explaining complex codon usage patterns with selection for translational efficiency, mutation bias, and genetic drift},
  JOURNAL =      PNAS,
  YEAR =         {2010},
  volume =       {108},
  pages =        {10231-10236},
}



@ARTICLE{Shah2010b,
  AUTHOR =       {P. Shah AND M. A. Gilchrist},
  TITLE =        {Effect of correlated {tRNA} abundances on translation errors and evolution of codon usage bias},
  JOURNAL =      {PLOS Genet.},
  YEAR =         {2010},
  volume =       {6},  pages = {e1001128},
}









@ARTICLE{Plata2010,
  AUTHOR =       {G. Plata AND M. E. Gottesman AND D. Vitkup},
  TITLE =        {The rate of the molecular clock and the cost of gratuitous protein synthesis},
  JOURNAL =      {Genome. Biol.},
  YEAR =         {2010},
  volume =       {11},
  pages =        {R98},
}


@ARTICLE{Bulmer1991,
  AUTHOR =       {M. Bulmer},
  TITLE =        {The selection-mutation-drift theory of synonymous codon usage},
  JOURNAL =      {Genetics},
  YEAR =         {1991},
  volume =       {129},
  pages =        {897-907},
}


@ARTICLE{Sharp1987,
  AUTHOR =       {P.M. Sharp AND W.H. Li},
  TITLE =        {The rate of synonymous substitution in enterobacterial genes is inversely related to codon usage bias},
  JOURNAL =      {Mol. Biol. Evol.},
  YEAR =         {1987},
  volume =       {4},
  pages =        {222-230},
}






%%%%%%%%%%%%%%%%%%%%%%%


@ARTICLE{Danpure1995,
  AUTHOR =       {C.J. Danpure},
  TITLE =        {How can the products of a single gene be localized to more than one intracellular compartment},
  JOURNAL =      {Trends Cell Biol. },
  YEAR =         {1995},
  volume =       {5},
  pages =        {230-238},
}



@ARTICLE{Kochetov2006,
  AUTHOR =       {A.V. Kochetov},
  TITLE =        {Alternative translation start sites and their significance for eukaryotic proteomes},
  JOURNAL =      {Molecular Biology},
  YEAR =         {2006},
  volume =       {40},
  pages =        {705-712},
}


@ARTICLE{Schmeing2011,
  AUTHOR =       {T.M. Schmeing  AND R.M. Voorhees AND A.C. Kelley AND V. Ramakrishnan},
  TITLE =        {How mutations in {tRNA} distant from the anticodon affect the fidelity of decoding},
  JOURNAL =      {Nat. Struct. Mol. Biol.},
  YEAR =         {2011},
  volume =       {18},
  pages =        {432-436},
}



@ARTICLE{Warnecke2010,
  AUTHOR =       {T. Warnecke AND L.D. Hurst},
  TITLE =        {GroEL dependency affects codon usage--support for a critical role of misfolding in gene evolution},
  JOURNAL =      {Mol. Syst. Biol.},
  YEAR =         {2010},
  volume =       {6},
  pages =        {1-11},
}


@ARTICLE{Zhou2009,
  AUTHOR =       {T Zhou AND M. Weems AND C.O. Wilke},
  TITLE =        {Translationally optimal codons associate with structurally sensitive sites in proteins},
  JOURNAL =      {Mol. Biol. Evol.},
  YEAR =         {2009},
  volume =       {26},
  pages =        {1571-1580},
}


@ARTICLE{Zhang2010,
  AUTHOR =       {F. Zhang AND S. Saha AND S.A. Shabalina AND A. Kashina},
  TITLE =        {Differential Arginylation of Actin Isoforms Is Regulated by Coding Sequence-Dependent Degradation},
  JOURNAL =      {Science},
  YEAR =         {2010},
  volume =       {329},
  pages =        {1534-1537},
}


@ARTICLE{Fredrick2010,
  AUTHOR =       {K. Fredrick AND M. Ibba},
  TITLE =        {How the sequence of a gene can tune its translation},
  JOURNAL =      {Cell},
  YEAR =         {2010},
  volume =       {141},
  pages =        {227-229},
}




%%%%%%%%%%%%%%%%%%%%



@ARTICLE{Zhang2010b,
  AUTHOR =       {Z. Zhang AND L. Zhou AND L. Hu AND Y. Zhu AND H. Xu AND Y. Liu AND X. Chen AND X. Yi AND X. Kong AND L.D. Hurst},
  TITLE =        {Nonsense-mediated decay targets have multiple sequence-related features that can inhibit translation},
  JOURNAL =      {Mol. Syst. Biol.},
  YEAR =         {2010},
  volume =       {6},
  pages =        {1-9},
}



@ARTICLE{Man2007,
  AUTHOR =       {O. Man AND Y. Pilpel},
  TITLE =        {Differential translation efficiency of orthologous genes is involved in phenotypic divergence of yeast species},
  JOURNAL =      {Nat. Genet.},
  YEAR =         {2007},
  volume =       {39},
  pages =        {415-421},
}





@ARTICLE{Schmidt2007,
  AUTHOR =       {M.W. Schmidt AND A. Houseman AND A.R. Ivanov AND D.A. Wolf},
  TITLE =        {Comparative proteomic and transcriptomic profiling of the fission yeast Schizosaccharomyces pombe},
  JOURNAL =      {Mol. Syst. Biol.},
  YEAR =         {2007},
  volume =       {3},
  pages =        {79},
}


@ARTICLE{Elf2003,
  AUTHOR =       {J. Elf AND D. Nilsson AND T. Tenson AND M. Ehrenberg},
  TITLE =        {Selective charging of {tRNA} isoacceptors explains patterns of codon usage},
  JOURNAL =      {Science},
  YEAR =         {2003},
  volume =       {300},
  pages =        {1718-1722},
}





%%%%%%%%%%%%%%%


@ARTICLE{Chamary2006,
  AUTHOR =       {J.V. Chamary AND J.L. Parmley L.D. Hurst},
  TITLE =        {Hearing silence: non-neutral evolution at synonymous sites in mammals},
  JOURNAL =      {Nat. Rev. Genet.},
  YEAR =         {2006},
  volume =       {7},
  pages =        {98-108},
}

%%%%%%%%%%%

@article{parking_garage_2002,
  title = {Macroscopic car condensation in a parking garage},
  author = {M. Ha  and M. {den Nijs}},
  journal = {Phys. Rev. E},
  volume = {66},
  skipissue = {3},
  pages = {036118},
  year = {2002},
}




@ARTICLE{Shaw2003,
  AUTHOR =       {L. B. Shaw AND R. K. Zia AND K. H. Lee},
  TITLE =        {Totally asymmetric exclusion process with extended objects: a model for protein synthesis},
  JOURNAL =      {Phys. Rev. E Stat. Nonlin. Soft. Matter Phys.},
  YEAR =         {2003},
  volume =       {68},
  pages =        {021910},
}




@ARTICLE{Tuller2007,
  AUTHOR =       {T. Tuller AND M. Kupiec AND E. Ruppin},
  TITLE =        {Determinants of protein abundance and translation efficiency in S. cerevisiae. },
  JOURNAL =      PLOSCB,
  YEAR =         {2007},
  volume =       {3},
  pages =        {2510-2519},
}




@article{biorythm2011,
    author = {J. Tabak AND J. Rinzel AND R. Bertram},
    journal = PLOSCB,
    title = {Quantifying the Relative Contributions of Divisive and Subtractive Feedback to Rhythm Generation},
    year = {2011},
    volume = {7},
    pages = {e1001124},
}






@ARTICLE{TullerGB2011,
  AUTHOR =       {T. Tuller AND I. Veksler AND N. Gazit AND M. Kupiec AND E. Ruppin AND M. Ziv},
  TITLE =        {Composite Effects of Gene Determinants on the Translation Speed and Density of Ribosomes},
  JOURNAL =      {Genome Biol.},
  YEAR =         {2011},
  volume =       {12},
  number =       {11},
  pages =        {R110},
}



@ARTICLE{MacDonald1968,
  AUTHOR =       {C. T. MacDonald and  J. H. Gibbs and A. C. Pipkin},
  TITLE =        {Kinetics of biopolymerization on nucleic acid templates},
  JOURNAL =      {Biopolymers},
  YEAR =         {1968},
  volume =       {6},
  pages =        {1-25},
}



@ARTICLE{Heinrich1980,
  AUTHOR =       {R. Heinrich AND T.A. Rapoport},
  TITLE =        {Mathematical modelling of translation of {mRNA} in eucaryotes; steady state, time-dependent processes and application to reticulocytes},
  JOURNAL =      JTB,
  YEAR =         {1980},
  volume =       {86},
  pages =        {279-313},
}



@ARTICLE{Dana2011,
  AUTHOR =       {A. Dana AND T. Tuller},
  TITLE =        { Efficient Manipulations of Synonymous Mutations for Controlling Translation
                   Rate--an Analytical Approach.},
  JOURNAL =      {J. Comput. Biol.},
  YEAR =         {2012},
  volume =       {19},
  pages =        {200-231},
}





@BOOK{Spivak1994,
  AUTHOR =       {M. Spivak},
  TITLE =        {Calculus},
  PUBLISHER =    {Cambridge University Press, cop. },
  YEAR =         {1994},
  address =      {Houston, Texas},
}




@ARTICLE{Zhang1994,
  AUTHOR =       {S. Zhang AND E. Goldman AND G. Zubay},
  TITLE =        {Clustering of low usage codons and ribosome movement},
  JOURNAL =      JTB,
  YEAR =         {1994},
  volume =       {170},
  pages =        {339-54},
}





%%%%%%%%%%%%%%%%%%%%%%%%%%%%%%%


@MISC{morris11,
title={An explicit counterexample to the   {L}agarias-{W}ang
finiteness conjecture},
author={K. G. Hare and I.  D. Morris and  N.  Sidorov  and J. Theys},
year={2011},
url={http://www.mat.uniroma2.it/~morris/hmst21.pdf},
}


@article{Lagarias1995finiteness,
title = "The finiteness conjecture for the generalized spectral radius of a set of matrices",
author = "Jeffrey C. Lagarias and Yang Wang",
journal = LAA,
volume = "214",
year = "1995",
pages = "17-42",
}

@article{heaps,
journal={J. of the American Mathematical Society},
volume={15},pages={77-111},
title={ASYMPTOTIC HEIGHT OPTIMIZATION FOR TOPICAL {IFS},
{T}etris HEAPS, AND THE FINITENESS CONJECTURE},
author={T. Bousch  and J. Mairesse},year={2001},
}




@article{gelfand41,
author={I. Gelfand},
title={Normierte Ringe},
journal={Rec. Math. (Mat. Sbornik) N. S.},
volume={9},
 year={1941},
 pages={3-24},
}

@article{rota60,
title="A note on the joint spectral radius",
author="Gian-Carlo Rota and W. Gilbert Strang ",
year="1960", journal="Nederl. Akad. Wet., Proc., Ser. A",
volume="63", pages="379-381"
}





@book{berk74,
title="Optimal Control Theory",
author="L. D. Berkovitz",
publisher="Springer-Verlag",
 year="1974",
}


@book{berman87,
title="Nonnegative Matrices in the Mathematical Sciences",
author="A. Berman and R. J. Plemmons",
publisher="SIAM",
 year=1987,
}

@book{farina2000,
title="Positive Linear Systems: Theory and Applications",
author="L. Farina and S. Rinaldi",
publisher="John Wiley",
 year=2000,
}


@book{berndt2000,
title="An Introduction to Symplectic Geometry",
author="R. Berndt",
publisher="American Mathematical Society",
 year=2000,
}

@book{matrix_math,
author={D. S. Bernstein},
title={Matrix Mathematics},
publisher={Princeton University Press},
year={2005},
skipaddress={Princeton, NJ},
}



@article{suss_glrn,
title="The bang-bang problem for certain control systems in \mbox{${GL}(n,R)$}",
author="Sussmann, H. J.",
journal=SIAM,
volume=10,year=1972,pages="470-476",
}



@book{Jungers,
author={R. Jungers},
title={The Joint Spectral Radius: Theory and Applications },
publisher={Springer},
series={Lecture Notes in Control and Information Sciences},
    volume={385},
year={2009},
}

@article{hes-Lasalle,
author="J. P. Hespanha",
title="Uniform stability of switched linear systems: extensions of {L}a{S}alle's invarianve principle",
journal=TAC, volume=49, year=2004,
 pages="470-482"
 }

@Article{mancila06,

title={An extension of {L}a{S}alle's invariance principle for switched systems},
author={J. L. Mancilla-Aguilar  and R. A. Garcia},
year={2006},
journal=SCL,
volume={55},skipissue={5},
pages={376-384},
}

@book{bonnard,
title="Singular Trajectories and their Role in Control Theory",
author="B. Bonnard and M. Chyba",
publisher="Springer",
 year=2003,
}

@book{zhou_doyle_glover1996,
author={K. Zhou and J. C. Doyle and K. Glover},
title={Robust and Optimal Control},
publisher={Prentice-Hall},
year={1996},
}

@book{morse-book,
title="Control Using Logic-Based Switching",
editor="A. S. Morse",
publisher="Springer",
address="London", year=1997
}

@inproceedings{nolcos10,
author = {T. Monovich and M. Margaliot},
title = {A Second-Order Optimality Condition for the Most Destabilizing
 Control of a Discrete-Time Bilinear Control System},
booktitle = {$8$th IFAC Symposium on Nonlinear Control Systems~(NOLCOS2010)},
year = {2010},
address={Bologna, Italy},
}


@inproceedings{mar-ecc07,
author = {M. Margaliot},
title = {On the reachable set of nonlinear control systems
with a nilpotent {L}ie algebra},
booktitle = ECC07,
year = {2007},
pages = {4261-4267},
address={Kos, Greece},
url="www.eng.tau.ac.il/~michaelm",
}



@inproceedings{gurvits-cdc03,
author = {L. Gurvits},
title = {What is the finiteness conjecture for linear continuous time
inclusions?},
booktitle = CDC42,
year = {2003},
pages = {1165--1169},
address = {Maui, HI},
}
@inproceedings{bar-cdc,
author = {N. E. Barabanov},
title = {Lyapunov exponent and joint spectral radius: Some known
and new results},
booktitle = CDC44, address = {Seville, Spain},
year = {2005},
pages = {2332-2337},
}
@inproceedings{suss-nice,
author = {H. J. Sussmann},
title = {Reachability by means of nice controls},
booktitle = CDC26,
year = {1987},
pages = {1368-1373},
address = {Los Angeles, CA},
}

@Article{sussmann72,
title={The bang-bang problem for certain control systems in \textit{GL}$(n,\mathbb{R})$},
author={Sussmann, H. J.},
journal={SIAM J. Control},
volume=10,
year=1972,
pages={470-476}
}



@inproceedings{mason-shorten-cdc04,
author = {O. Mason and R. Shorten},
title = {Some results on the stability of positive switched linear systems},
booktitle = CDC43,
year = {2004},
pages = {4601-4606},
skipaddress = {},
}


@inproceedings{mason-shorten03,
author = {O. Mason and R. Shorten},
title = {A conjecture on the
 existence of common quadratic {L}yapunov functions for positive linear systems},
booktitle = ACC03,
year = {2003},
pages = {4469-4470},
address = {Denver, CO},
}


@inproceedings{shorten03,
author={R. Shorten and  D. Leith and  J. Foy and R. Kilduff},
title={Towards an analysis
and design framework for congestion control in communication
networks},
booktitle={Proc.  $12$th Yale Workshop on Adaptive
and Learning Systems},
year={2003}
}


@article{mordu2002,
title={Discrete Maximum Principle for Nonsmooth Optimal Control Problems with Delays},
journal={Cybernetics and Systems Analysis},
volume={38}, year={2002},
pages={255-264},
author={B. S. Mordukhovich and I. Shvartsman},
}

author={Koivo, A. J.},
title={A second--order variational method for discrete--time
optimal control problems},
journal={J.  Franklin Inst.},
volume={286}, year={1968},
}

@article{koivo,
author={Koivo, A. J.},
title={A second--order variational method for discrete--time
optimal control problems},
journal={J.  Franklin Inst.},
volume={286}, year={1968},
}

@article{morse03,
author={A. Jadbabaie and  J. Lin and A. S. Morse},
title={Coordination of groups of mobile autonomous agents using nearest neighbour rules},
journal=TAC, volume={48}, pages={988-1001}, year={2003},
}


@article{bou2002,
author={O. Bournez and M. S. Branicky},
title={The mortality problem for matrices of low dimensions},
journal={Theory Comput. Systems}, volume={35}, pages={433-448}, year={2002},
}



@article{tal1,
author={T. Monovich and M. Margaliot },
title={Analysis of  Discrete--Time Linear  Switched Systems: A Variational Approach},
note=s, year={2009},
}


@inproceedings{zho-hill05-l2,
author = {J. Zhao and D. J. Hill},
title = {On stability and ${L}_2$-gain for switched systems},
booktitle = CDC44, address = {Seville, Spain},
year = {2005},
pages = {3279-3284},
}



@inproceedings{zho-hill05-dis,
author = {J. Zhao and D. J. Hill},
title = {Dissipativity theory for switched systems},
booktitle = CDC44, address = {Seville, Spain},
year = {2005},
pages = {7003-7008},
}


@article{zhai05,
title={${L}_2$ gain analysis for switched systems with continuous-time and discrete-time subsystems},
author={G. Zhai and     H.  Lin and Y. Kim and  J. Imae and T. Kobayashi},
journal=IJC,
volume={78}, skipnumber={15}, pages={1198-1205},
year={2005}
}


@article{lin-zhai-ant,
title={Optimal Persistent Disturbance Attenuation Control for Linear Hybrid Systems},
author={Hai Lin  and  Guisheng Zhai  and  Panos J. Antsaklis},
journal={Nonlinear Analysis: Theory, Methods and Applications},
volume={65}, skipnumber={6}, pages={1231-1250},
year={2006}
}




@inproceedings{hespanha-morse99,
author = {J. P. Hespanha and A. S. Morse},
title = {Stability of switched systems with average dwell-time},
booktitle = CDC38,
year = {1999},
pages = {2655-2660},
}



@book{smirnov,
title={Introduction to the Theory of Differential Inclusions},
author={G. V. Smirnov},
publisher="American Mathematical Society",
year= "2002",
}

@article{bara93,
title="On the {A}izerman problem for third-order nonstationary systems",
author="N. E. Barabanov",
year="1993", journal=DFE,
volume="29", pages="1439-1448",
skipnumber="10",
}

@article{branicky1998,
title={A unified framework for hybrid control: Model
and optimal control theory},
author={M. S. Branicky and V. S.  Borkar and S. K.  Mitter},
 journal=TAC,
year={1998}, volume={43}, pages={31-45},
skipnumber={1},
}


@article{van_der1992,
title={${L}_2$-gain analysis of nonlinear systems and
nonlinear state feedback ${H}_\infty$ control},
author={A. J. van der Schaft},
journal=TAC,
year={1992}, volume={37}, pages={770-784},
skipnumber={6},
}


@article{xu_ant04,
title={ Optimal control of switched systems based on parameterization of the switching instants},
author={X. Xu and P. J. Antsaklis},
journal=TAC,
year={2004}, volume={49}, pages={2-16},
skipnumber={1},
}



@article{decarloetal,
title={Perspectives and results on the stability and stabilizability
of hybrid systems},
author={R. DeCarlo and M.S. Branicky and S. Pettersson and B. Lennartson},
journal=IEEE,
volume={88}, skipnumber={2}, pages={1069--1082},
year={2000}
}


@article{bengea,
title={Optimal control of switching systems},
author={S. C. Bengea and  R. A. DeCarlo},
journal={Automatica},
volume={41}, pages={11-27},
year={2005}
}






@article{branicky_98, author={M. S. Branicky},
title={Multiple {L}yapunov functions
and other analysis tools for switched and hybrid systems},
journal=TAC, volume={43}, pages={475-482}, year={1998}
}


@article{egerstedt06,
title={Transition-time optimization for switched-mode dynamical systems},
author={M. Egerstedt  and  Y. Wardi  and H. Axelsson},
journal=TAC,
year={2006}, volume={51}, pages={110-115},
skipnumber={1},
}


@article{puk1998,
title="Optimal bilinear systems on the plane",
author="A. V. Pukhlikov",
year="1998", journal=DFE,
skipnumber="11", volume="34", pages="1516-1521",
}


@article{bara88,
title="Absolute characteristic exponent of a class of linear nonstationary systems of differential equations",
author="N. E. Barabanov",
year="1988", journal="Siberian Mathematical J.",

volume="29", pages="521-530",
skipnumber="4",
}

@article{bara89,
title="Method for the computation of
the {L}yapunov exponent of a differential inclusion",
author="N. E. Barabanov",
year="1989", journal=ARC,
volume="50", pages="475-479",
skipnumber="4",
}




@article{Tretyak,
title="Chronological Calculus, High-Order Necessary Conditions for Optimality, and Perturbation Methods",
author="A. I. Tretyak",
year="1998", journal="J. Dynamical and Control Systems",
volume="4", pages="77-126",
}




@article{andru85,
title="A class of absolutely stable nonlinear nonstationary systems",
author="V. V. Andrusevich",
year="1985", journal=ARC,
volume="11", pages="26-33",
}


@article{kozy07,
title="Structure of extremal trajectories of discrete linear systems
and the finiteness conjecture",
author="V. Kozyakin",
year="2007", journal=ARC,
volume="68", pages="174-209",
}

@inproceedings{kozy05,
author = {V. Kozyakin},
title = {A Dynamical Systems Construction of a Counterexample to the Finiteness Conjecture},
booktitle = CDC44,
year = {2005},
pages = {2338-2343},
address = {Seville, Spain},
}




@article{bara_dis_88_part1,
title="The {L}yapunov indicator  of discrete inclusions: Part {I}",
author="N. E. Barabanov",
year="1988", journal=ARC,
volume="2", pages="40-46",
}


@article{bara_dis_88_part2,
title="The {L}yapunov indicator  of discrete inclusions: Part {II}",
author="N. E. Barabanov",
year="1988", journal=ARC,
volume="3", pages="24-29",
}



@article{molchanov79,
title="Absolute stability of sampled-data
systems with several nonstationary nonlinear elements",
author="A.  P. Molchanov",
year="1979", journal=ARC,
volume="3", pages="43-51",
}

@article{pyat_dis_70,
title="Absolute stability of nonlinear pulse systems
 with nonstationary nonlinearity",
author="E. S. Pyatnitskii",
year="1970", journal=ARC,
volume="8", pages="50-58",
}









@article{bara88kal,
title="On the {K}alman problem",
author="N. E. Barabanov",
year="1988", journal="Siberian Mathematical J.",
volume="29", pages="333-341",
skipnumber="3",
}


@article{levin62,
title="On the stability of solutions of equations of second order",
author="A. Yu. Levin",
year="1961", journal="Soviet Mathematics",
volume="2", pages="1642-1646",
skipnote="Translation of Doklady, Academy of Sciences of the USSR"
}





@article{short-mason05,
author="R. Shorten and D. Leith and J. Foy and R. Kilduff",
title="Analysis and design of {AIMD} congestion control algorithms
in communication networks",
journal="Automatica",
volume="41",
year="2005",pages={725-730},
}
@misc{angeli-switched-note-scl,
author="D. Angeli",
title="A note on stability of arbitrarily switched homogeneous systems",
note="Preprint",
year=1999
}



@article{jong04,
title="Qualitative simulation of genetic regulatory
networks using piecewise-linear models",
journal="Bull.       Math.        Biol.",volume="66", skipnumber="2",
year="2004",pages={301-340}, author="H. de Jong and
 J.-L. Gouze and C. Hernandez and  M. Page and  T. Sari and J. Geiselmann",
}

@incollection{john04,
title="Modeling of hybrid systems",
author="K. H. Johansson and  J. Lygeros and S. Sastry",
booktitle="Encyclopedia of Life Support Systems {(EOLSS)}", year="2004",

url="www.s3.kth.se/~kallej/papers/eolss_6.43.28.1.pdf ",
editor="H. Unbehauen",
}

@article{zhai01,
author="G. Zhai and B. Hu and K. Yasuda and A. N. Michel",
title="Disturbance attenuation properties of time-controlled switched systems",
journal="J.  Franklin Inst.",
volume="338", year="2001",pages="765-779", skipnumber="7",
}


@article{chase93,
author="C. Chase  and J. Serrano and P. Ramadge",
title="Periodicity and chaos from switched flow systems:
Contrasting examples of discretely
controlled continuous systems",
journal=TAC,
volume="38", year="1993",pages="70-83"
}

@article{counter,
author="M. Margaliot",
title="A Counterexample to a Conjecture of {G}urvits on Switched Systems",
journal=TAC,
volume="52", year="2007",pages="1123-1126",
}



This paper appears in: Automatic Control, IEEE Transactions on
Publication Date: June 2007
Volume: 52,  Issue: 6
On page(s): 1123-1126




@techreport{hespanha_rms_tech_rep,
author = {J. P.  Hespanha},
title = {Root-Mean-Square Gains of Switched Linear Systems},
institution = {Dept.~of Electrical and Computer Eng., University of California},
address = {Santa Barbara},
year = 2002,
month = sep,
url = "http://www.ece.ucsb.edu/~hespanha/published",
}




@article{hespanha_rms_2003,
author="J. P. Hespanha",
title="Root-mean-square gains of switched linear systems",
journal=TAC,
volume="48", year="2003",pages="2040-2045"
}


@inproceedings{mar-hespanha-rmsCDC,
author="M. Margaliot and J. P. Hespanha",
title="Root-mean-square gains of switched linear systems:
 A variational  approach",
booktitle = CDC46,
year = {2007},
pages = {3221-3226},
address = {New Orleans, LA},
}

@article{mar-hespanha-rms,
author="M. Margaliot and J. P. Hespanha",
title="Root-mean-square gains of switched linear systems:
 A variational  approach", journal="Automatica",
 year="2008", note=ta, url="www.eng.tau.ac.il/~michaelm",
}

@article{mar-bra-full,
author="M. Margaliot and M. S. Branicky",
title="Nice Reachability
for Planar Bilinear Control Systems
with Applications to Planar Linear Switched Systems",
 journal=TAC,
 year="2009", volume="54", pages="1430-1435",
}

@article{lior,
author="L.  Fainshil and  M. Margaliot
  and  P. Chigansky",
title="On the Stability of Positive Linear Switched Systems
Under Arbitrary Switching Laws",
 journal=TAC,
 year="2009", volume="54", pages="897-899",
}



@article{hesp2004,
author="J. P. Hespanha",
title="Uniform stability of switched linear systems: Extensions of {L}a{S}alle's invariance principle",
journal=TAC, skinpnumber="4",
volume="49", year="2004",pages="470-482",
}


@article{walther01,
author="U. Walther and T. T.  Georgiou and A. Tannenbaum",
title="On the computation of switching surfaces
 in optimal control: A {G}robner basis approach",
journal=TAC,
volume="46", year="2001",pages="534-540"
}



@article{shorten,
title="Stability criteria for switched and hybrid systems",
author="R. Shorten and F. Wirth and O. Mason and K. Wulff and C. King",
year="2007",
journal="SIAM Review",
volume="49",
skipnumber="4",
pages = "545-592",
}




@Book{colonius,
   author ={F. Colonius and W. Kliemann and L. Grune},
   title =   {The Dynamics of Control},
   year =   {2000}, publisher ={Birkh{\"a}user},

}

@Book{cormen,
   author =   {T. H. Cormen and C. E. Leiserson and
R. L. Rivest and C. Stein},
   title =   {Introduction to Algorithms},
   publisher = {MIT Press},
   year =   {2001}, edition={2nd},
   skipaddress = {Cambridge, Massachusetts},
}

@Book{young2000,
   author =   {L. C. Young},
   title =   {Lectures on the Calculus
 of Variations and Optimal Control Theory},
   publisher = {American  Mathematical Society},
   year =   {2000},
   address = {Providence, Rhode Island},
}

@Article{strichartz87,
title={The {C}ampbell-{B}aker-{H}ausdorff-{D}ynkin formula and solutions of differential
equations},
author={R. S. Strichartz},
journal={J. Functional Analysis},
volume={72},
year={1987},
pages={320-345},
}

@Article{pol,
title={On absolute stability analysis by polyhedral {L}yapunov functions},
author={Polanski, A.},
journal={Automatica},
volume={36},
year={2000},
pages={573-578},
}

%%%%%%%%%%%%%%%%%%%%%%%%%%%%%%%%%%%%%%%%%%%%%%%%%%%%%%%%%%



@book{olver86,
title=" Applications of Lie Groups to Differential Equations",
author="P. J. Olver",
publisher="Springer-Verlag", address="New York",
year="1986",
series="Graduate Texts in Mathematics", volume="107",
}

@book{jack90,
title="Perspectives of Nonlinear Dynamics", volume="2",
author="E. A. Jackson",
publisher="Cambridge University Press",
year="1990"
}

@book{bardi,
title="Optimal Control and Viscosity Solutions of
Hamilton-Jacobi-Bellman Equations",
author="M.  Bardi and I. Capuzzo-Dolcetta",
publisher="Birkh{\"a}user",
year="1997"
}

@incollection{mayne73,
author="R. W. Brockett",
title="Lie algebras and {L}ie groups in control theory",
booktitle="Geometric Methods in System Theory",
editor="D. Q. Mayne and R. W. Brockett",
publisher="D. Reidel Publishing Company",
year=1973,
pages="43-82",
}


@book{agrachev-book,

title="Control Theory From The Geometric Viewpoint",
author="A. A. Agrachev and Y. L. Sachkov",
series="Encyclopedia of Mathematical Sciences",
volume="87",
publisher="Springer-Verlag",
year="2004"
}

@Book{gol,
   author =   "Goldstein, H.",
   title =   "Classical Mechanics",
   publisher =   "Addison-Wesley",
   year =   "1980",
   skipaddress = "",
}
@Book{vid,
   author =   "Vidyasagar, M.",
   title =   "Nonlinear Systems Analysis",
   publisher =   "Prentice Hall",
   year =   "1978",
  address = "Englewood Cliffs, NJ",
}

@book{matveev-savkin-book,
author="A. S. Matveev and A. V. Savkin",
title="Qualitative Theory of Hybrid Dynamical Systems",
publisher="Birkh{\"a}user",
year=2000
}

@Book{hall,
   author =   "Hall, B. C.",
   title =   "Lie Groups, Lie Algebras, and Representations:
 An Elementary Introduction",
   publisher =   "Springer",
   year =   "2003",
   skipddress = "",
}
@Book{erickson,
   author =   "Erickson, R. W. and Maksimovic, D.",
   title =   "Fundamentals of Power Electronics",
   publisher =   "Kluwer",
   year =   "2001",
   skipaddress = "",
}



@book{boyd,
author="S. Boyd and L. {El Ghaoui} and E. Feron and V. Balakrishnan",
year=1994,
title="Linear Matrix Inequalities in System and Control Theory",
volume=15,
series="SIAM Studies in Applied Mathematics",
publisher="SIAM",
address="Philadelphia"
}


@book{liberzon_book,
author="D. Liberzon",
title="Switching in Systems and Control",
publisher="Birkh{\"a}user",
year=2003
}

@book{aubin-viability,
author="J.-P. Aubin",
title=" Viability Theory",
 publisher="Birkh{\"a}user",
year="1991",
skipaddress="",
}

@Article{hermes78,
   author =   {Hermes, H.},
   title =   {Lie Algebras of Vector Fields
and Local Approximation of Attainable Sets},
   journal = SIAM,
   year =   {1978},
   volume = {16},
   issue={5},
   pages =  "715-727",
}


@Article{bianchini_90,
   author =   {R. M. Bianchini and G. Stefani},
   title =   {Graded approximations and controllability along a trajectory},
   journal = SIAM,
   year =   {1990},
   volume = {28},
   pages =  {903-924},
}





@Article{hermes82,
   author =   "Hermes, H.",
   title =   "Control systems which generate decomposable {L}ie algebras",
   journal = JDE,
   year =   "1982",
   volume = "44",
   pages =  "166-187",
}
@incollection{suss-levinson,
author="Sussmann, H. J. and Nohel, J. A.",
title="Commentary on {N}orman {L}evinson's paper `{M}inimax,
 {L}iapunov and {B}ang-{B}ang'",
booktitle="Selected Papers of Norman Levinson",
volume="2",
editor="Nohel, J. A. and Sattinger, D. H.",
publisher="Birkh{\"a}user",
year=1998,
pages="463-475",
}

@article{arts80,
author="Z. Artstein",
title=" Discrete and Continuous
Bang-Bang and Facial Spaces or: Look for the Extreme Points",
journal="SIAM Review",
volume="22",
pages="172-185",
year="1980",
}

@article{hermes91,
author="H. Hermes",
title="Nilpotent and high-order approximations of vector field systems",
journal="SIAM Review",
volume="33",
pages="238-264",
year="1991"
}

@book{elliott,
title={Bilinear Control Systems: Matrices in Action},
author={D. L. Elliott},
year={2009},
publisher={Springer},
}



@Article{mar-open2001,
title={Some nonlinear optimal control
  problems with closed-form solutions},
author={M. Margaliot and G. Langholz},
year={2001}, journal={Int. J. Robust Nonlinear Control},
volume={11},pages={1365-1374},
}



@article{yoav,
title={Third-order nilpotency,
finite switchings and asymptotic stability},
author={Y. Sharon and M. Margaliot},
year={2007}, journal=JDE, volume={233},
pages={136-150},
}


@Article{yfou04,
title={A numerical technique
for the stability analysis of linear switched systems},
author={Yfoulis, C. A.  and Shorten, R.},
journal=IJC,
volume={77},
year={2004},
pages={1019-1039},
}
@article{gurvits-shorten-mason07,
   author =   "L. Gurvits and R. Shorten and O. Mason",
   title =   "On the stability of switched positive linear systems",
journal=TAC,   year="2007",
pages="1099-1103", volume="52",
skipissue="6",
}



@article{yfou,
   author =   "Margaliot, M. and  Yfoulis, C.",
   title =   "Absolute Stability
of Third-Order Systems:   A Numerical Algorithm",
journal="Automatica",
volume="42",
skipnumber="10",year="2006", pages={1705-1711},
}

@book{yfbook,
author="C. A. Yfoulis",
title="Stabilisation of Nonlinear Systems: The Piecewise Linear Approach",
publisher="Research Studies Press",
year=2002,
}

@Article{bellman,
   author =   "Bellman, R. and Bucy, R.",
   title =   "Asymptotic control theory",
   journal = SIAM,
   number = "1",
   year =   "1964",
   volume = "2",
   pages =  "11-18",
}


@book{aubin-cellina-inclusions-book,
author="J.-P. Aubin and A. Cellina",
title="Differential Inclusions: Set-Valued Maps and
Viability Theory",
 publisher="Springer",
address="Berlin", year=1984

}


@article{lin-sontag-wang-converse,
author="Y. Lin and E. D. Sontag and Y. Wang",
title="A smooth converse {L}yapunov theorem for robust stability",
journal=SIAM,
volume=34,
pages="124-160",
year=1996
}





@article{narendra-balakrishnan-commuting,
author="K. S. Narendra and J. Balakrishnan",
title="A common {L}yapunov function for stable {LTI} systems
with commuting {$A$}-matrices",
journal=TAC, volume=39, year=1994,
 pages="2469-2471"
 }

@Article{alur,
title={Modeling and analyzing
    biomolecular networks},
author={Alur et al., R.},
journal={Computing in Science and Engineering},
volume={4},
number={1},
year={2002},
pages={20-31},
}
@Article{mol,
title={Criteria of asymptotic stability of differential
 and difference inclusions encountered in control theory},
          author={Molchanov, A. P. and Pyatnitskiy, Ye. S.},
year={1989},
journal=SCL,
volume={13},
pages={59-64},
}



@Article{soko82,
title={Numerical methods of {L}yapunov function
construction and their application to the absolute stability problem},
          author={Pyatnitskii, E. S. and Sokorodinskii, V. I.},
year={1982},
journal=SCL,
volume={2},skipnunber={2},
pages={130-135},
}

@inproceedings{gurvits07,
author = {L. Gurvits and A. Olshevsky},
title = {Stability testing of matrix polytopes},
booktitle = ECC7,
year = {2007},
pages = {3919-3925},
}
@inproceedings{gurvits_quantom,
author = {L. Gurvits},
title = {Controllabilities and stabilities of switched systems (with applications to the quantum systems)},
booktitle = MTNS02,
year = {2002},
skippages = {},
}


@Article{ratmansky,
title={A simplification of the {A}grachev--{G}amkrelidze second-order variation for
 bang--bang controls},
author={I. Ratmansky and M. Margaliot},
journal=SCL,
 year={2010}, volume={59}, pages={25-32},
}


@article{gurvits-nilpotent-laa95,
author="L. Gurvits",
title="Stability of discrete linear inclusion",
journal=LAA,
volume="231", year="1995", pages="47-85"
}

@article{wirth-LAA,
author="F. Wirth",
title="The generalized spectral radius and extremal norms",
journal=LAA,
volume="342", year="2002", pages="17-40"
}


@article{valcher2007,
title={On the zero pattern properties and asymptotic behavior of
continuous-time positive system trajectories},
author={P.  Santesso and  M.  E.  Valcher},
journal=LAA,
volume={425}, year={2007}, pages={283-302},
}




@article{agrachev,
title="{L}ie-algebraic
stability criteria for
 switched systems",
author="A. A. Agrachev and D. Liberzon",
journal=SIAM,
volume=40,year=2001,pages="253-269"
}

@incollection{symplectic,
author="Agrachev, A. A. and Gamkrelidze, R. V.",
title="Symplectic geometry for optimal control",
booktitle="Nonlinear Controllability and Optimal Control",
editor="H. J. Sussmann",
publisher="Marcel Dekker",
address="New York",
year=1990,
pages="263-277",
}



@article{sussmann_plane_cinf,
title="The Structure of Time-Optimal
 Trajectories for Single-Input Systems in the Plane:
The ${C}^\infty$ Nonsingular Case",
author="H. J. Sussmann",
journal=SIAM,
volume=25, year=1987, pages="433-465",
}
  	
@article{nems2011,
  author={T. Chou and K. Mallick and R. K. P. Zia},
  title={Non-equilibrium statistical mechanics: from a paradigmatic model to biological transport},
  journal={Reports on Progress in Physics},
  volume={74},
  pages={116601},
  year={2011},
  }

	


@article{sussmann_plane_ana,
title="The Structure of Time-Optimal Trajectories for Single-Input Systems in the Plane: The General Real Analytic Case",
author="H. J. Sussmann",
journal=SIAM,
volume=25, year=1987, pages="868-904",
}

@article{sussmann_plane_syn,
title="Regular Synthesis for Time-Optimal Control of Single-Input
Real Analytic Systems in the Plane",
author="H. J. Sussmann",
journal=SIAM,
volume=25, year=1987, pages="1145-1162",
}

@book{TASEP_book,
title={Stochastic Transport in Complex Systems: From Molecules to Vehicles},
author={A. Schadschneider and D. Chowdhury and K. Nishinari},
year={2011},
publisher={Elsevier},
}

@article{bressan,
title="A high order test for optimality of bang-bang controls",
author="Bressan, A.",
journal=SIAM,
volume=23,year=1985,pages="38-48",
}



@article{krener,
title="The high order maximal principle and its applications to singular
extremals",
author="A. J. Krener",
journal=SIAM,
volume=15,year=1977,pages="256-293"
}






@article{mancilla-commuting-tac,
author="J. L. Mancilla-Aguilar",
title="A condition for the stability of switched nonlinear systems",
journal=TAC,
volume=45,
year=2000,
skip-month=nov,
pages="2077-2079"
}

@article{mcclamroch-kolmanovsky-ieeesurvey2,
author="N. H. McClamroch and I. Kolmanovsky",
title="Performance benefits of hybrid control
design for linear and nonlinear systems",
journal=IEEE,
volume=88,
skip-issue=7,
skip-month=jul,
year=2000,
pages="1083-1096"
}


@article{shim-...-siamcca-98,
author="H. Shim and D. J. Noh and J. H. Seo",
title="Common {L}yapunov function for exponentially stable nonlinear systems",
journal="J. Korean Institute of Electrical Engineers",
volume=11, skip-no=2, pages="108-111", year=2001,
note="(Presented at the \textit{4th SIAM Conf.\ on Control and its
Applications}, 1998)"
}

@article{linh-commuting,
author="L. Vu and D. Liberzon",
title="Common {L}yapunov functions for
families of commuting nonlinear systems",
journal=SCL, note=s, year=2003
}


@incollection{laff-suss,
author="Lafferriere, G. and Sussmann, H. J.",
title="Differential Geometric Approach to motion Planning",
booktitle="Nonholonomic Motion Planning",
editor="Li, Z. and Canny, J. F.",
publisher="Kluwer Academic Publishers",
year=1993,
pages="235-270"
}

@article{murray-sastry-tac-93,
author="R. M. Murray and S. S. Sastry",
title="Nonholonomic motion planning: Steering using sinusoids",
journal=TAC, volume=38, year=1993, pages="700-716"
}


@article{sussmann-bang-bang-siam-1979,
author="H. J. Sussmann",
title="A bang-bang theorem with bounds on the number of switchings",
journal=SIAM, volume=17, year=1979,
skip-no=5, pages="629-651"
}
@Article{xu,
title={Stabilization of second-order \mbox{LTI} switched systems},
author={Xu, X. and Antsaklis, P. J.},
year={2000},
journal=IJC,
volume={73},
number={14},
pages={1261-1279}
}

@periodical{nonlinearhyb2,
title={Nonlinear Analysis,
 Special Issue on Hybrid Systems and Applications (2)},
key={nonlinear},
year={2005},
volume={63},
number={3},
}
@periodical{nonlinearhyb1,
title={Nonlinear Analysis,
 Special Issue on Hybrid Systems and Applications},
key={nonlinear},
year={2005},
volume={62},
number={8},
}



@periodical{hsi-tcs-95,
title={Theoretical Computer Science,
 Special Issue on Hybrid Systems},
 editor={A. Pnueli and J. Sifakis},
key={Pnueli},
year={1995},
volume={138},
number={1},
}

@periodical{ant,
title={Proc. IEEE,        Special Issue on Hybrid
Systems: Theory and Applications},
 editor={Antsaklis, P. J.},
key={Antsaklis},
year={2000},
volume={88},
number={7},
}

@article{tasep_ants,
  title = {Trafficlike Collective Movement of Ants on Trails: Absence of a Jammed Phase},
  author = {A. John and  A. Schadschneider and D. Chowdhury and K. Nishinari},
  journal = {Phys. Rev. Lett.},
  volume = {102},
  pages = {108001},
  year = {2009},
}


@article{domain_wall_02,
year={2002},
 journal={J. Statistical Physics},
volume={106},
 title={The Asymmetric Exclusion Process Revisited: Fluctuations and Dynamics in the Domain Wall Picture},
  author={L. Santen  and  C. Appert},
pages={187-199},
}



@article{mixed_tasep,
  title = {Mixed population of competing totally asymmetric simple exclusion processes with a shared reservoir of particles},
  author = {P. Greulich and L. Ciandrini and  R. J. Allen and M. C. Romano},
  journal = {Phys. Rev. E},
  volume = {85},
   pages = {011142},
   year = {2012},
 }


@periodical{hsi-tac-98,
title={IEEE Trans. Automatic Control,    Special Issue on Hybrid
Control Systems},
 editor={P. J. Antsaklis and A. Nerode},
key={Antsaklis},
year={1998},
volume={43},
number={4},
}

@periodical{hsi-automatica-99,
title={Automatica,    Special Issue on Hybrid Systems},
 editor={A. S. Morse and C. C. Pantelides and
S. S. Sastry and J. M. Schumacher},
key={Morse},
year={1999},
volume={35},
number={3},
}



@Article{day,
title={A converse {L}yapunov theorem for a class of
dynamical systems which undergo switching},
author={Dayawansa, W. P. and Martin, C. F.},
year={1999},
journal=TAC,
volume={44},
number={4},
pages={751-760}
}


@Article{fil80,
title={Stability conditions in homogeneous systems
with arbitrary regime switching},
author={Filippov, A. F.},
year={1980},
journal=ARC,
volume={41},
pages={1078-1085},
number={8},
}

@article{pyat70,
title="Absolute stability of nonstationary nonlinear systems",
author="E. S. Pyatnitskii",
year="1970", journal=ARC,
volume="1", pages="5-15"
}

@article{pyat71,
title="Criterion for the absolute stability of second-order nonlinear
controlled systems with one nonlinear nonstationary element",
author="E. S. Pyatnitskii",
year="1971", journal=ARC,
volume="1", pages="5-16"
}


@article{rapo93a,
title="Existence of nonsmooth invariant functions on the
boundary of absolute stability domain of nonlinear nonstationary systems",
author="L. B. Rapoport",
year="1993", journal=ARC,
volume="54", pages="448-453"
}


@article{filippov-paper,
author="A. F. Filippov",
title="On certain questions in the theory of optimal control",
journal=SIAM, volume=1, year=1962,
skip-no=5, pages="76-84"
}


@article{zubov2001,
author="Camilli, F. and Grune, L. and Wirth, F.",
title="A generalization of {Z}ubov's method to perturbed systems",
journal=SIAM, volume=40, year=2001,
skip-no=2, pages="496-515"
}





@book{filippov-book,
author="A. F. Filippov", title="Differential Equations
 with Discontinuous Righthand Sides",
 publisher="Kluwer", address="Dordrecht", year=1988,
 skip-note="(Original Russian edition: \textit{Differentsial'nye
 Uravneniya s Razryvnoi Pravoi Chast'yu}, Nauka, Moscow, 1985)"
}



@Article{hespan,
title={Switching between stabilizing controllers},
author={Hespanha, J. P. and Morse, A. S.},
journal={Automatica},
volume={38},
number={11},
year={2002},
pages={1905-1917},
}


@article{lie,
author = "D. Liberzon and J. P. Hespanha and A. S. Morse",
title = "Stability of switched  systems:
A {L}ie-algebraic condition",
journal = SCL,
skip-month = jun,
pages = "117-122",
year = "1999",
volume = "37"
}


@Article{blondel2003,
title={An elementary counterexample to the finiteness conjecture},
author={V. D. Blondel and J. Theys and A. A. Vladimirov},
year={2003},
journal={SIAM J. Matrix Anal. Appl.},
volume={24},
pages={963-970},
}





@Article{blondel,
title={A survey of computational complexity results in systems and control},
author={Blondel, V. D. and Tsitsiklis, J. N.},
year={2000},
journal={Automatica},
volume={36},
pages={1249-1274},
}

@misc{jaku,
author="B. Jakubczyk",
title="Introduction to Geometric Nonlinear Control;
Controllability and {L}ie Bracket",
year="2001",
url="http://www.impan.gov.pl/User/jakubczy/",
}



@incollection{sus97,
author="H. J. Sussmann",
title="Some recent results on the Maximum Principle of optimal
control theory",
booktitle=" Systems and Control in the Twenty-First
 Century",
editor="C. I. Byrnes and  B. N. Datta and  D. S. Gilliam and
C. F. Martin",
publisher="Birkh{\"a}user",
 year="1997", pages="351-372"
}

@incollection{lie-open-problem,
author="D. Liberzon",
title="Lie algebras and stability of switched nonlinear systems",
booktitle="Unsolved Problems in Mathematical Systems and Control Theory",
editor="V. Blondel and A. Megretski", publisher="Princeton University
Press", year=2004, pages="203-207"
}


@incollection{hespanha-open-problem,
author={J.  P. Hespanha},
title={${L}_2$-induced gains of switched linear systems},
booktitle="Unsolved Problems in Mathematical Systems and Control Theory",
editor="V. Blondel and A. Megretski", publisher="Princeton University
Press", year=2004, pages="131-133"
}



@book{fixedpoint,
title={Fixed Point Theorems with Applications to Economics and Game Theory},
author={K. C. Border},
publisher={Cambridge University Press},
year={1989},
}


@incollection{hes-morse-open-problem99,
author="J. P. Hespanha and A. S. Morse",
title="Input-output gains of switched linear systems",
booktitle="Open Problems in Mathematical Systems Theory
 and Control",
editor="V. D. Blondel and E. D. Sontag and
M. Vidyasagar and J. C. Willems",
publisher="Springer-Verlag",
year="1999", pages="121-125",
}



@incollection{kawski-open-problem,
author="M. Kawski",
title="Bases for {L}ie algebras and a continuous
{CBH} formula",
booktitle="Unsolved Problems in Mathematical Systems and Control Theory",
editor="V. Blondel and A. Megretski", publisher="Princeton University
Press", year=2004, pages="97-102",
}


@incollection{rasvan,
author="Rasvan, V.",
title="Delay independent and delay dependent {A}izerman problem",
booktitle="Unsolved Problems
 in Mathematical Systems and Control Theory",
editor="V. Blondel and A. Megretski",
publisher="Princeton University Press",
year=2004,
pages="212-220"
}

@Article{megretski-rantzer,
title={System analysis via integral quadratic constraints},
author={Megretski, A. and Rantzer, A.},
year={1997},
journal=TAC,
volume={42},
number={6},
pages={819-830}
}



%%%%%%%%%%%%%%%%%% new refs.
@book{isidori-book,
author="A. Isidori",
title="Nonlinear Control Systems",
edition="3rd", publisher="Springer",
address="Berlin", year=1995
}


@Book{vinter,
   author =   {Vinter, R.},
   title =   {Optimal Control},
  publisher="Birkh{\"a}user",
 year =   {2000},
}
@Article{xie,
title={Piecewise {L}yapunov
 functions for robust stability of linear time-varying systems},
author={Xie, L. and Shishkin, S. and Fu, M.},
year={1997},
journal={Systems and Control Letters},
volume={31},
pages={165-171},
number={3},
}



@Article{holcman,
title={Stability analysis of switched homogeneous  systems in the plane},
author={Holcman, D.   and Margaliot, M.},
journal=SIAM,
volume={41},
number={5},
year={2003},
pages={1609-1625},
}

@article{mar-lib,
author="M. Margaliot and D. Liberzon",
title="Lie--algebraic
stability conditions for nonlinear switched systems and
differential inclusions",
journal=SCL,  year=2006, pages={8-16},
volume={55}, number={1}, skipmonth={jan},
}

@article{margaliot_hall_sussmann,
author="M. Margaliot",
title="On the Analysis of Nonlinear Nilpotent Switched Systems using the
{H}all-{S}ussmann System",
journal=SCL,  volume={58}, pages={766-772},  year="2009",
}

@Article{mar-lang,
title={Necessary and Sufficient Conditions for Absolute Stability:
        The Case of Second-Order Systems},
author={Margaliot, M. and Langholz, G.},
journal={IEEE Trans. Circuits Syst.-I},
volume={50},
skip-number={2},
year={2003},
pages={227-234},
}

@incollection{sussmann1986,
author="Sussmann, H. J.",
title="A product expansion for the {C}hen series",
booktitle="Theory and Applications of Nonlinear Control Systems",
editor="Byrnes, C. I. and Lindquist, A.",
year="1986", pages="323-335",
publisher="Elsevier Science Publishers"
}




@Article{xinghuo,
title={Generating chaotic attractors with multiple merged
basins of attraction: A switching piecewise-linear control approach},
author={Xinghuo, J. L. and Chen, G.},
journal={IEEE Trans. Circuits Syst.-I},
volume={50},
skip-number={2},
year={2003},
pages={198-207},
}
@Article{zel,
title={Nonquadratic {L}yapunov functions
for robust stability analysis of linear uncertain systems},
author={Zelentsovsky, A. L.},
year={1994},
journal=TAC,
volume={39},
number={1},
pages={135-138}
}


@Article{pyarap,
title={Criteria of asymptotic stability of differential inclusions and
periodic motions of time-varying nonlinear control systems},
author={Pyatnitskiy, E. S. and Rapoport, L. B.},
year={1996},
journal={IEEE Trans.  Circuits  Syst.-I},
volume={43},
skip-number={3},
pages={219-229}
}

@Incollection{kawski,
   author = {Kawski, M.},
   title = {High-order maximal principles},
  pages = {313-326},
   booktitle = {New Trends in Nonlinear Dynamics and Control},
   series={Lecture Notes in Control and Information Sciences},
    volume={295},
   publisher = {Springer-Verlag},
   year = {2003},
   editor ={Kang, W. and   Xiao, M. and Borges, C.}
}

@book{gil,
   author = {M. I. Gil},
   title ={Explicit Stability Conditions for Continuous Systems:
   A Functional Analytic Approach},
   series={Lecture Notes in Control and Information Sciences},
    volume={314},
   publisher = {Springer-Verlag},
   year = {2005},
}


@book{Switched-and-impulsive-systems,
   author = {Zhengguo, L.  and  Yengchai, S. and Changyun, W.},
   title = {Switched and Impulsive Systems:
Analysis, Design and Applications},
   series={Lecture Notes in Control and Information Sciences},
    volume={313},
   publisher = {Springer-Verlag},
   year = {2005},
}


@book{borrelli,
   author = {F. Borrelli},
   title = {Constrained Optimal Control of Linear and
Hybrid Systems},
   series={Lecture Notes
in Control and Information Sciences},
    volume={290},
   publisher = {Springer-Verlag},
   year = {2003},
}



@book{johansson,
   author = {M. Johansson},
   title = {Piecewise Linear Control Systems},
   series={Lecture Notes
in Control and Information Sciences},
    volume={284},
   publisher = {Springer-Verlag},
   year = {2003},
}



@Incollection{rap,
   author = {Rapoport, L. B.},
   title = {Asymptotic stability and periodic motions of
            selector-linear differential inclusions},
  pages = {269-285},
   booktitle = {Robust Control via Variable Structure and
                Lyapunov Techniques},
 series={Lecture Notes in Control and Information Sciences},
    volume={217},
   publisher = {Springer},
   year = {1996},
   editor ={Garofalo, F. and Glielmo, L.},
}


@Article{mar-gitizadeh,
title={The problem of absolute stability:
 A~dynamic programming approach},
author={Margaliot, M. and Gitizadeh, R.},
journal={Automatica},
pages={1247-1252},
volume={40},
number={7},
year=2004,
}

%%%%%%%%%%%%%%%%%%%%%%%%%%still more refs

@article{ugo-switched-siam,
author="U. Boscain",
title="Stability of planar switched systems:
The linear single input case",
journal=SIAM,
volume=41, skip-no=1, year=2002, pages="89-112"
}

@book{jurdjevic-book,
author="V. Jurdjevic",
title="Geometric Control Theory",
publisher="Cambridge University Press",
year=1996
}

@article{palais,
author="R. S. Palais",
title="A global formulation of the {L}ie theory of transformation groups",
journal="Mem. Amer. Math. Soc.",
volume=22, year=1957, pages="1-123"
}

@article{vakhrameev-1997,
author="S. A. Vakhrameev",
title="A bang-bang theorem with a finite number of switchings for nonlinear
smooth control systems",
journal="J.\ Math.\ Sci.",
volume=85, skip-no=3, year=1997, pages="2002-2016"
}

@article{agrachev-vakhrameev-doklady-1984,
author="A. A. Agrachev and S. A. Vakhrameev",
title="Nonlinear control systems of constant rank and bang-bang conditions
for extremal controls",
journal="Soviet Math.\ Dokl.",
volume=30,skip-no=3,year=1984,pages="620-624",
skip-note="(Translated from \textit{Dokl.\ Akad.\ Nauk SSSR},
279:265--269, 1984)"
}

@incollection{kupka90,
author="I. A. K. Kupka",
title="The ubiquity of {F}uller's phenomenon",
booktitle="Nonlinear Controllability and Optimal Control",
editor="H. J. Sussmann",
publisher="Marcel Dekker",
address="New York",
year=1990,
pages="313-350",
}


@incollection{grasse_and_sussmann1990,
author="K. A. Grasse and  H. J. Sussmann",
title="Global Controllability by Nice Controls",
booktitle="Nonlinear Controllability and Optimal Control",
editor="H. J. Sussmann",
publisher="Marcel Dekker",
address="New York",
year=1990,
pages="33-79",
}



@article{sigalotti05,
author="Sigalotti, M.",
title="Local regularity of optimal trajectories for control problems
with general boundary conditions",
journal="J. Dynam. Control Systems",
volume="11",
pages="91-123",
year=2005
}


@article{agrachev-sigalotti,
author="A. A. Agrachev and M. Sigalotti",
title="On the local structure of optimal trajectories
 in {R}$^3$",
journal=SIAM,
volume=42,
pages="513-531",
year=2003
}




@incollection{sussmann-survey-83,
author="H. J. Sussmann",
title="Lie brackets, real analyticity and geometric control",
booktitle="Differential Geometric Control Theory",
editor="R. W. Brockett and R. S. Millman and H. J. Sussmann",
publisher="Birkh{\"a}user",
year=1983,
pages="1-116"
}


@incollection{schattler-1998,
author="Schattler, H.",
title="Time optimal feedback control for nonlinear systems: A geometric
approach",
booktitle="Geometry of Feedback and Optimal Control",
editor="Jakubczyk, B. and Respondek, W.",
publisher="Marcel Dekker",
address="New York",
year="1998",
pages="383-421",
}


@incollection{schattler90,
author="Schattler, H.",
title="Regularity properties of optimal trajectories:
 Recently developed techniques",
booktitle="Nonlinear Controllability and Optimal Control",
editor="H. J. Sussmann",
publisher="Marcel Dekker",
address="New York",
year=1990,
pages="263-277",
}





@Book{sch,
   author =   "van der Schaft, A. J.  and Schumacher, H.",
   title =   "An Introduction to Hybrid Dynamical Systems",
 series={Lecture Notes in Control and Information Sciences},
    volume={251},
  publisher = "Springer",
   year =   "2000",
   skipaddress ="" ,
}


@article{Ji-Fa01091994,
author = {J.  Ji-Fa},
title = {On the Global Stability of Cooperative Systems},
volume = {26},
skipnumber = {5},
pages = {455-458},
year = {1994},
journal = {Bulletin of the London Mathematical Society}
}



@article{seah-di-complete-1982,
author="S. W. Seah",
title="Existence of solutions and asymptotic equilibrium of multivalued
differential systems",
journal="J. Math. Anal. Appl.",
volume=89, year=1982, pages="648-663"
}

@article{taniguchi-di-complete-1992,
author="T. Taniguchi",
title="Global existence of solutions of
differential inclusions",
journal="J. Math. Anal. Appl.",
volume=166, year=1992, pages="41-51"
}

@article{howe-1983,
author="R. Howe",
title="Very basic {L}ie theory",
journal="American Mathematical Monthly",
volume=90, year=1983, pages="600-623"
}

@Incollection{arts,
   author = {Artstein, Z.},
   title = {Examples of stabilization with hybrid feedback},
  pages = {173-185},
   booktitle = {Hybrid Systems III: Verification and Control},
 series={Lecture Notes in Computer Science},
    volume={1066},
   publisher = {Springer},
   year = {1996},
   editor ={Alur, R. and Henzinger, T. A. and  Sontag, E. D. },
}


@article{sontag_gt_2010,
author={D. Angeli and P. {de Leenheer} and
   E. D. Sontag},
 title={Graph-theoretic characterizations
  of monotonicity of chemical networks in reaction coordinates},
  journal={J. Mathematical Biology},
  volume={61}, pages={581-616}, year={2010},
  }



@article{mono_posi_2005,
title={Monotone systems under positive feedback: multistability and a reduction theorem},
journal=SCL, author={G. Enciso and  E. D. Sontag},
volume={54},
pages={159-168},
year={2005},
}



@Incollection{hes01,
   author = {J.  Hespanha and S. Bohacek and K.  Obraczka
and J.  Lee},
   title = {Hybrid Modeling of {TCP} Congestion Control},
  pages = {291-304},
   booktitle = {Hybrid Systems: Computation and Control},
 series={Lecture Notes in Computer Science},
    volume={2034},
   publisher = {Springer},
   year = {2001},
   editor ={M. D. {Di Benedetto} and A. Sangiovanni-Vincentelli},
}






@Article{bla,
title={Set invariance in control},
author={Blanchini, F.},
year={1999},
journal={Automatica},
volume={35},
pages={1747-1767},
number={11},
}

@Incollection{cuk,
   author = {Cuk, S.},
   title = {Basics of switched-mode power conversion:
Topologies, magnetics, and control},
  pages = {265-296},
   booktitle = {Modern Power Electronics:
         Evolution, Technology, and Applications},
   publisher = {IEEE Press},
   year = {1992},
   editor ={Bose, B. K.},
}


@article{libsur99,
title="Basic problems in stability and design of switched systems",
journal=CSM,
author="D. Liberzon and A. S. Morse",
volume="19",year="1999",pages="59-70",
}

@Article{mar-simple,
title={Stability Analysis of
Switched Systems
using  Variational  Principles: An Introduction},
 year={2006},
author={Margaliot, M.},
 journal={Automatica},
volume={42}, pages={2059-2077}, skipnumber={12},
}

@ARTICLE{Dalal2000,
title = {Strict concavity with homogeneity and decreasing returns to scale},
author = {Dalal, Ardeshir},
year = {2000},
journal = {Atlantic Economic Journal},
volume = {28},
number = {3},
pages = {381-382},
}

@article{solvers_guide,
        author={Blythe,R. A. and Evans,M. R.},
        year={2007},
        title={Nonequilibrium steady states of matrix-product form: A solver's guide},
        journal={Journal of Physics A: Mathematical and Theoretical},
        volume={40},
        number={46},
        pages={R333-R441},
        note={Cited By (since 1996):190},
        url={www.scopus.com},
}

@article{ss_taep_ps,
	Author = {Lakatos,G and Chou,T and Kolomeisky,A},
	Date = {2005/01/},
	Date-Added = {2013-12-15 11:35:56 +0000},
	Date-Modified = {2013-12-15 11:35:56 +0000},
	Journal = {Physical review. E, Statistical, nonlinear, and soft matter physics},	
	Month = {01},
	Number = {1 Pt 1},
	Pages = {011103},
	Title = {Steady-state properties of a totally asymmetric exclusion process with periodic structure.},
	Url = {http://europepmc.org/abstract/MED/15697576},
	Volume = {71},
	Year = {2005},
}



@PhDThesis{hespanha_phd,
  AUTHOR     = {J. P. Hespanha},
  YEAR       = {1998},
  TITLE      = {Logic-based switching algorithms in control},
  SCHOOL     = {Dept. Elec. Eng, Yale University},
  address    = {New Haven, CT},
  ID         = {PhD}
}

% RESPONSE, MSB 04/04/2009: added
@book{sun_ge_book,
title="Switched Linear Systems: Control and Design",
author="Z. Sun and S. S. Ge",
publisher="Springer",
year="2005",
}


@book{sun_ge_book_new,
title="Stability Theory of Switched Dynamical Systems",
author="Z. Sun and S. S. Ge",
publisher="Springer",
year="2011",
}

% for subadditive
@book{fund_convx_ana,
title="Fundamentals of Convex Analysis",
author="J. Baptiste and H. Urruty and C. Lemarechal",
publisher="Springer",
year="2001",
}

% convex optimization
@book{convex_boyd,
title="Convex Optimization",
author="S. Boyd and L. Vandenberghe",
publisher="Cambridge University Press",
year="2004",
}

% semidefinite matrix
@book{pract_opt,
title="Practical Optimization: Algorithms and Engineering Applications",
author="A. Antoniou and W. Lu",
publisher="Springer",
year="2010",
}

@book{matrx_ana,
title="Matrix Analysis",
author="R. A. Horn and C. R. Johnson",
publisher="Cambridge",
year="2013",
}

% used by RFM Charac.
@article{PhysRevE.76.051113,
  title = {Inhomogeneous exclusion processes with extended objects: The effect of defect locations},
  author = {Dong, J. J. and Schmittmann, B. and Zia, R. K. P.},
  journal = {Phys. Rev. E},
  volume = {76},
  issue = {5},
  pages = {051113},
  numpages = {13},
  year = {2007},
  month = {Nov},
  publisher = {American Physical Society},
  doi = {10.1103/PhysRevE.76.051113},
  url = {http://link.aps.org/doi/10.1103/PhysRevE.76.051113}
}

@article{exactsol,
  author={B Derrida and M R Evans and V Hakim and V Pasquier},
  title={Exact solution of a 1D asymmetric exclusion model using a matrix formulation},
  journal={Journal of Physics A: Mathematical and General},
  volume={26},
  number={7},
  pages={1493},
  url={http://stacks.iop.org/0305-4470/26/i=7/a=011},
  year={1993},
}

@article{eig_tridiagonal,
  title={Eigenvalues of several tridiagonal matrices},
  author={Yueh, Wen-Chyuan},
  journal={Applied Mathematics E-Notes},
  volume={5},
  number={66-74},
  pages={210--230},
  year={2005}
}

@article{RFM_concave,
author={G. Poker and Y. Zarai and M. Margaliot and T. Tuller},
title={Maximizing Protein Translation Rate in the Nonhomogeneous Ribosome Flow Model: A Convex Optimization Approach},
note=ta, year={2014},
}

@book{marshall11,
  added-at = {2013-12-22T02:21:58.000+0100},
  address = {New York},
  author = {Marshall, Albert W. and Olkin, Ingram and Arnold, Barry C.},
  biburl = {http://www.bibsonomy.org/bibtex/2668b048eb57a09df7441c401f1504176/ytyoun},
  interhash = {1a2ba094161783a8a3c544b8fd95929d},
  intrahash = {668b048eb57a09df7441c401f1504176},
  isbn = {9780387400877 0387400877 9780387682761 0387682767},
  keywords = {inequalities matrix textbook},
  publisher = {Springer Science+Business Media, LLC},
  refid = {692178356},
  timestamp = {2013-12-22T02:21:58.000+0100},
  title = {Inequalities : Theory of Majorization and its Applications},
  year = 2011
}

@article{schur_convex_deriv,
year={1998},
issn={0001-9054},
journal={aequationes mathematicae},
volume={55},
number={3},
doi={10.1007/s000100050036},
title={Conditions for convexity of a derivative and some applications to the Gamma function},
url={http://dx.doi.org/10.1007/s000100050036},
publisher={Birkhäuser Verlag},
keywords={Keywords. Convexity, Schur-convexity, inequalities, Gamma function.},
author={Merkle, M.},
pages={273-280},
language={English}
}

%% D.C functions
@article{hartman1959,
ajournal = "Pacific J. Math.",
author = "Hartman, Philip",
journal = "Pacific Journal of Mathematics",
number = "3",
pages = "707--713",
publisher = "Pacific Journal of Mathematics, A Non-profit Corporation",
title = "On functions representable as a difference of convex functions.",
url = "http://projecteuclid.org/euclid.pjm/1103039111",
volume = "9",
year = "1959"
}

@article{quotients_convex,
   author = {{Holicky}, P. and {Kalenda}, O. and {Vesely}, L. and {Zajicek}, L.},
    title = "{Quotients of continuous convex functions on nonreflexive Banach spaces}",
  journal = {ArXiv e-prints},
archivePrefix = "arXiv",
   eprint = {0706.0633},
 primaryClass = "math.FA",
 keywords = {Mathematics - Functional Analysis, 46B10, 46B03},
     year = 2007,
    month = jun,
   adsurl = {http://adsabs.harvard.edu/abs/2007arXiv0706.0633H},
  adsnote = {Provided by the SAO/NASA Astrophysics Data System}
}

@article{on_dc,
author = {Bačák, Miroslav and Borwein, Jonathan   M.},
title = {On difference convexity of locally Lipschitz functions},
journal = {Optimization},
volume = {60},
number = {8-9},
pages = {961-978},
year = {2011},
doi = {10.1080/02331931003770411},
URL = {http://dx.doi.org/10.1080/02331931003770411},
eprint = {http://dx.doi.org/10.1080/02331931003770411}
}

@book{roberts_varberg,
    Author = {A.Wayne {Roberts} and Dale E. {Varberg}},
    Title = {{Convex functions.}},
    Year = {1973},
    Language = {English},
    publisher="New York-London: Academic Press",
}


@article{RFM_charac,
author={Y. Zarai and M. Margaliot},
title={On the senstivity of the    ribosome flow model},
note=p,year={2014},
}


@article{eulers_Tykodi,
author = {Tykodi, R. J.},
title = {On Euler's theorem for homogeneous functions and proofs thereof},
journal = {Journal of Chemical Education},
volume = {59},
number = {7},
pages = {557},
year = {1982},
doi = {10.1021/ed059p557},
URL = {http://pubs.acs.org/doi/abs/10.1021/ed059p557},
eprint = {http://pubs.acs.org/doi/pdf/10.1021/ed059p557}
}


@ARTICLE{Deneke2013,
  author =       {C. Deneke and R. Lipowsky and A. Valleriani},
  title =        {Effect of ribosome shielding on {mRNA} stability},
  journal =      {Phys. Biol.},
  year =         {2013},
  volume =       {10},
  number =       {4},
  pages =        {046008},
}

@ARTICLE{Racle2013,
  author =       {J. Racle and F. Picard and L. Girbal and M. Cocaign-Bousquet and V. Hatzimanikatis},
  title =        {A genome-scale integration and analysis of {Lactococcus} lactis translation data},
  journal =      PLOSCB,
  year =         {2013},
  volume =       {9},
  number =       {10},
  pages =        {e1003240},
}

@inproceedings{sontag_contraction_tutorial,
title={Contraction methods for nonlinear systems: A brief introduction and some open problems},
booktitle=CDC53,
year={2014},address={LA},
author={Z. Aminzare and E. D. Sontag},
}

@inproceedings{three_gen_cont,
title={On Three Generalizations of Contraction},
author={Eduardo D. Sontag and  Michael Margaliot and Tamir Tuller},
url={arXiv:1406.1474},
booktitle=CDC53,year={2014},address={LA},
}

@article{recycle2013,
title={Tying up loose ends: ribosome recycling in eukaryotes and archaea},
journal={Trends Biochem Sci.},
year={2013},
volume={38},
number={2},
pages={64-74},
author={E. Nurenberg and R.  Tampe},
}
